2418 3762
285 312 385 362 166
925 305 1050 351 Cena
1079 304 1453 351 Trimalchionis.

279 456 331 504 et
368 466 556 519 rapam
607 455 661 503 et
699 465 909 518 senape
958 454 1012 502 et
1050 448 1290 502 catillum
1341 454 1701 503 concacatum.
1780 466 1889 518 pax
1926 449 2082 502 Pala-
2111 456 2114 458 ’

276 532 480 610 11101108.
559 542 718 595 etiam
756 541 814 595 in
851 541 1014 595 alveo
1055 540 1364 595 circumlata
1402 547 1525 596 sunt
1562 541 1894 611 oxycomina,
1941 542 2086 596 unde

277 635 498 704 quidam
537 634 695 688 etiam
732 634 973 703 improbe
1028 638 1208 688 ternos
1260 650 1470 703 pugnos
1522 634 1868 688 sustulerunt.
1957 627 2116 688 nam¹

207 732 273 782 67
288 745 488 798 pernae
525 727 834 780 missionem
871 726 1133 780 dedimus.
1221 726 1319 780 sed
1367 743 1526 781 narra
1562 726 1708 794 mihi,
1755 726 1879 797 Grai,
1933 743 2080 797 rogo,

221 832 244 869 5
290 821 583 874 Fortunata
636 836 801 888 quare
847 835 954 873 non
999 812 1307 873 recumbitt?
1372 814 1657 888 ‘quomodo
1712 813 1865 874 nosti'
1912 819 2087 887 inquit

273 896 458 966 ‘illam’
501 911 834 966 Trimalchio
880 906 1008 966 ‘nisi
1059 909 1351 980 argentum*
1386 912 1759 983 composuerit,
1811 899 1918 966 nisi
1953 912 2083 966 reli-

281 1006 437 1074 quias
487 1005 670 1076 pueris
721 1004 981 1072 diviserit,
1038 1022 1233 1074 aquam
1279 1005 1338 1058 in
1381 1021 1441 1059 os
1479 1021 1634 1059 suum
1671 993 1778 1059 non
1816 999 2078 1060 coniciet'.

277 1093 464 1167 ‘atqui'
525 1097 801 1168 respondit
835 1097 1112 1152 Habinnas
1137 1092 1289 1152 '‘nisi
1343 1097 1440 1151 illa
1496 1096 1796 1163 discumbit,
1858 1114 1958 1166 ego
1996 1114 2083 1152 me

286 1186 522 1261 apoculo³
577 1196 632 1245 et
679 1195 931 1260 coeperat
973 1207 1208 1259 surgere,
1266 1189 1372 1244 nisi
1421 1189 1573 1258 signo
1609 1189 1747 1243 ‚dato
1786 1190 2081 1245 Fortunata

206 1293 256 1333 10
288 1290 477 1353 quater
514 1283 747 1353 amplius
784 1300 818 1336 a
854 1288 968 1336 tota
1014 1282 1224 1336 familia
1274 1287 1418 1336 esset
1460 1286 1670 1335 vocata.
1759 1283 1907 1336 venit
1955 1300 2082 1352 ergo

281 1376 500 1453 galbino
539 1376 810 1430 succincta
847 1375 1084 1444 cingi110,
1128 1375 1205 1428 ita
1242 1380 1299 1427 ut
1335 1374 1478 1428 infra
1516 1374 1761 1428 cerasina
1798 1381 2083 1444 appareret

276 1454 463 1523 tunica
496 1474 549 1522 et
573 1468 922 1538 periscelides
947 1472 1118 1522 tortae
1143 1467 1577 1538 phaecasiaeque
1601 1467 1901 1522 inauratae.
1956 1473 2082 1523 tunc

2117 337 2347 381 Bilcheler⁸

2158 407 2199 446 p.
2231 394 2287 438 44
2359 397 2373 459 ‚J

2121 464 2181 506 H

279 1561 497 1616 sudario
544 1577 735 1615 manus
785 1566 1015 1629 tergens,
1070 1560 1213 1629 quod
1260 1561 1318 1614 in
1367 1561 1506 1615 collo
1543 1561 1798 1627 habebat,
1840 1560 2081 1631 applicat
2109 1572 2297 1615 michele
2325 1583 2340 1597 ··

280 1670 339 1707 se
378 1654 459 1707 illi
494 1659 622 1720 tor0,
660 1653 718 1707 in
754 1666 858 1722 quo
897 1653 1144 1711 Scintilla
1179 1653 1463 1708 Habinnae
1501 1653 1874 1708 discumbebat
1920 1670 2071 1723 uxor,

195 1757 243 1797 15
276 1747 622 1815 osculataque
659 1746 1008 1816 plaudentem
1041 1741 1146 1800 ‘est
1181 1740 1249 1800 te²
1290 1746 1463 1815 inquit
1498 1740 1744 1800 ‘viderei'

417 1948 480 1985 00
519 1931 716 1986 deinde
751 1938 1067 2002 perventum
1105 1937 1202 2000 est,
1248 1937 1307 1986 ut
1336 1933 1630 1987 Fortunata
1666 1932 1908 1986 armillas
1947 1948 2076 1986 suas

273 2024 625 2079 crassissimis
653 2025 961 2079 detraheret
983 2025 1198 2079 lacertis
1223 2024 1607 2094 Scintillaeque
1644 2025 1860 2080 miranti
1894 2031 2076 2079 osten-

274 2117 442 2171 deret.
543 2117 730 2171 ultimo
793 2118 955 2171 etiam
1009 2117 1360 2187 periscelides
1414 2118 1633 2172 resolvit
1687 2124 1741 2172 et
1794 2118 2076 2172 reticulum

276 2226 513 2278 aureum,
553 2201 710 2278 quem
748 2226 816 2264 ex
852 2210 1078 2264 obrussa
1115 2225 1235 2264 esse
1274 2210 1507 2264 dicebat.
1561 2211 1767 2264 notavit
1791 2210 1925 2264 haec
1952 2210 2075 2263 Tri-

187 2301 501 2356 20malchio
537 2302 799 2371 iussitque
836 2301 1018 2356 afferri
1043 2303 1221 2356 omnia
1258 2309 1312 2358 et
1343 2297 1565 2357 (videtis'
1606 2303 1780 2371 inquit
1810 2297 2075 2357 ‘mulieris

273 2393 583 2465 compedes:
641 2395 717 2450 810
765 2411 863 2462 1108
910 2395 1162 2450 barcalae
1211 2395 1587 2466 despoliamur.
1666 2411 1761 2450 sex
1807 2395 1982 2465 pondo
2021 2401 2075 2450 et

273 2487 528 2541 selibram
567 2487 727 2542 debet
762 2487 979 2542 habere.
1037 2493 1091 2542 et
1126 2488 1243 2558 ipse
1266 2489 1432 2543 nihilo
1458 2488 1633 2542 minus
1669 2489 1845 2543 habeo
1884 2488 2074 2543 decem

271 2579 448 2650 pondo
493 2579 758 2641 armillam
809 2598 876 2635 ex
925 2580 1225 2636 millesimis
1263 2581 1512 2636 Mercurii
1560 2576 1795 2636 factam³.
1887 2581 2074 2636 ultimo

391 3144 411 3184 1
447 3147 749 3188 concacatum
778 3145 1020 3188 Burmann
1059 3149 1365 3201 concagatum
1395 3147 1454 3190 H
1564 3146 1590 3186 3
1619 3145 1830 3202 improbe
1863 3145 1937 3198 (-i)
1970 3147 2069 3189 ter-

273 3226 361 3257 nos
391 3226 576 3270 pugnos
606 3215 703 3259 Jac.
744 3217 923 3259 Gronov
953 3216 1194 3260 Bia-belew
1222 3217 1318 3260 und
1342 3217 1362 3247 3
1409 3216 1683 3272 improbiter
1713 3229 1798 3261 nos
1827 3227 1984 3272 pugno
2017 3215 2078 3258 H

274 3285 495 3328 Racheler
526 3287 563 3329 I
672 3287 697 3329 9
728 3286 941 3342 apoculo]
976 3287 1171 3343 apocalo
1203 3288 1264 3331 H
1394 3289 1446 3331 15
1472 3283 1590 3331 ‘ante
1619 3299 1675 3332 00
1694 3287 1901 3344 forsitan
1927 3286 2069 3329 multa

267 3355 507 3411 perierint'
538 3357 759 3401 Racheler
788 3359 819 3402 1
1019 3360 1070 3402 17
1101 3358 1402 3405 crassissimis
1435 3359 1495 3403 H
1525 3358 1840 3405 crassissimas
1873 3357 2070 3416 Schqffer

275 3427 327 3467 21
361 3423 579 3473 barcalae
613 3430 673 3472 H
701 3428 946 3476 babaecali
978 3430 1197 3475 Heinsius
1236 3429 1475 3477 berbeculi
1507 3429 1745 3475 Reinesius

2159 1643 2201 1682 p.
2223 1631 2277 1672 45
