2366 3756
254 266 319 315 74
891 260 1018 307 Cena
1048 261 1415 309 Trimalchionis.

250 406 566 460 numerabat
599 403 760 475 pilas,
804 421 909 459 non
946 403 1163 474 quidem
1202 420 1294 458 eas
1333 422 1472 474 quae
1522 406 1662 461 inter
1698 423 1890 461 manus
1927 407 2049 462 lusu

253 498 555 567 expellente
593 497 894 564 vibrabant,
939 496 1036 551 sed
1073 513 1165 551 eas
1203 515 1341 566 quae
1378 498 1434 552 in
1474 506 1670 553 terram
1711 498 2047 554 decidebant.

251 607 370 643 cum
415 590 515 644 has
565 606 691 658 ergo
730 589 1044 643 miraremur
1079 589 1336 657 lautitias,
1377 591 1385 662 Ι
1418 591 1646 646 accurrit
1680 592 1959 647 Menelaus
1998 598 2051 647 et
2080 603 2138 647 H

244 676 354 736 ‘hic
393 677 486 736 est'
546 677 919 751 inquis‘apud
956 699 1115 751 quem
1154 683 1388 738 cubitum
1445 685 1672 754 ponetis,
1736 690 1789 739 et
1835 684 2049 753 quidem

193 783 219 846 5⁴
247 775 353 828 iam
390 774 711 845 principium
749 791 915 830 cenae
953 769 1183 829 videtis².
1267 776 1555 831 etiamnum
1594 778 1910 847 loquebatur
1933 779 2067 837 Mea

248 868 437 921 nelaus
465 884 582 921 cum
617 866 626 940 Ι
659 868 984 922 Trimalchio
1013 868 1207 937 digitos
1235 871 1555 939 concrepuit,
1577 869 1649 923 ad
1669 870 1811 939 quod
1836 870 2048 939 signum
2080 875 2178 920 HL

248 959 524 1013 matellam
578 960 748 1031 spado
805 961 1014 1015 ludenti
1066 962 1312 1016 subiecit.
1391 967 1678 1017 exonerata
1732 963 1827 1017 ille
1870 963 2050 1018 vesica

248 1069 441 1120 aquam
479 1053 721 1122 poposcit
758 1053 827 1106 ad
854 1070 1057 1120 manus,
1104 1054 1410 1123 digitosque
1448 1057 1724 1124 paululum
1762 1056 2051 1125 adspersos

248 1145 302 1197 in
341 1146 515 1214 capite
554 1146 708 1215 pueri
743 1146 909 1201 tersit.

2077 1308 2287 1348 Buchele
2346 1299 2363 1346 f

2160 1396 2169 1405 .
2193 1363 2251 1405 20

159 1355 228 1482 {08
391 1423 607 1492 longum
673 1429 788 1477 erat
851 1424 1067 1500 singula
1129 1424 1391 1495 excipere.
1490 1425 1675 1493 itaque
1730 1425 2048 1479 intravimus
2081 1378 2178 1478 HPL
2296 1430 2299 1434 '

247 1516 515 1585 balneum,
562 1522 615 1570 et
653 1516 847 1570 sudore
885 1503 1099 1571 calfacti
1126 1523 1394 1572 momento
1420 1518 1672 1587 temporis
1699 1517 1772 1572 ad
1796 1517 2048 1587 frigidam

248 1610 473 1662 eximus.
516 1609 623 1662 iam
650 1609 974 1663 Trimalchio
1000 1615 1272 1679 unguento
1309 1610 1557 1680 perfusus
1583 1611 1907 1680 tergebatur,
1945 1629 2051 1664 non

245 1701 443 1771 linteis,
490 1701 589 1756 sed
625 1703 809 1772 palliis
848 1719 915 1756 ex
951 1702 1080 1756 lana
1116 1703 1434 1757 mollissima
1471 1703 1648 1758 factis.
1691 1709 1801 1757 tres
1837 1704 2049 1758 interim

245 1788 555 1864 iatraliptae
593 1795 648 1847 in
688 1801 974 1882 conspectu
1013 1796 1128 1850 eius
1154 1797 1444 1850 Falernum
1481 1797 1753 1867 potabant,
1796 1795 1803 1867 Ι
1838 1802 1891 1850 et
1928 1813 2046 1850 cum
2082 1808 2139 1848 H

164 1900 213 1940 15
246 1887 534 1955 plurimum
563 1888 803 1943 rixantes
832 1861 1184 1957 effunderent,
1231 1889 1555 1943 Trimalchio
1593 1888 1694 1942 hoc
1732 1905 1886 1942 suum
1908 1906 2048 1958 pro-

245 1980 465 2048 pinasse
505 1980 736 2035 dicebat
776 1980 783 2053 1
816 1969 941 2036 hinc
977 1982 1247 2036 involutus
1287 1981 1502 2035 coccina
1538 1970 1785 2052 gausapa
1822 1974 2046 2036 lecticae
2081 1993 2174 2036 HL

243 2072 526 2140 impositus
565 2079 646 2127 est
670 2073 1116 2143 praecedentibus
1141 2072 1438 2145 phalera-tis
1466 2075 1768 2130 cursoribus
1799 2078 2048 2144 quattuor

246 2170 298 2217 et
336 2164 681 2235 chiramaxio,
725 2166 781 2219 in
820 2183 923 2235 quo
963 2167 1190 2221 deliciae
1230 2167 1347 2221 eius
1385 2168 1736 2256 vehebantur,
1780 2185 1915 2238 puer
1951 2184 2046 2222 ve-

243 2248 403 2324 tulus,
447 2258 643 2328 lippus,
689 2258 902 2312 domino
941 2260 1337 2314 Trimalchione
1372 2259 1694 2315 deformior.
1751 2277 1868 2315 cum
1920 2278 2083 2330 ergo.-

160 2356 213 2396 20
244 2349 556 2418 auferretur,
603 2351 674 2404 ad
711 2358 871 2422 caput
898 2353 1013 2407 eius
1041 2353 1459 2424 symphoniacus
1486 2371 1605 2408 cum
1631 2353 1862 2407 minimis
1899 2354 2046 2408 tibiis

244 2442 472 2495 accessit
509 2447 562 2495 et
598 2449 855 2512 tanquam
891 2445 950 2499 in
985 2463 1170 2499 aurem
1207 2446 1414 2516 aliquid
1441 2451 1646 2501 secreto
1672 2446 1892 2514 diceret,
1937 2451 2045 2500 toto

223 2533 436 2588 ’itinere
475 2536 728 2590 cantavit.

389 2720 661 2789 sequimur
717 2738 813 2776 nos
870 2719 1221 2778 admiratione
1276 2724 1383 2778 iam
1442 2725 1609 2779 saturi
1648 2731 1700 2780 et
1739 2742 1857 2779 cum
1894 2724 2043 2794 Aga-

243 2829 524 2866 memnone
563 2813 635 2867 ad
659 2814 878 2868 ianuam
914 2807 1271 2885 pervenimus,
1312 2822 1319 2883 Ι
1353 2817 1408 2870 in
1447 2819 1596 2872 cuius
1634 2823 1786 2888 poste
1826 2818 2042 2872 libellus
2073 2830 2132 2872 H

359 3030 383 3069 3
415 3041 526 3084 ergo
546 3029 672 3087 fehlt
701 3029 749 3073 in
781 3030 824 3074 L
939 3031 966 3073 4
996 3031 1185 3088 ponetis
1215 3032 1408 3091 Scheffer
1442 3032 1620 3088 ponitis
1652 3033 1710 3076 H
1736 3032 1924 3088 quidem
1942 3033 2043 3076 Bil-

245 3098 388 3141 cheler
418 3099 532 3156 quid
564 3101 623 3143 H
796 3100 820 3143 5
852 3101 1101 3146 etiamnum
1136 3102 1360 3162 Scheffer‚
1396 3103 1617 3148 Heinsius
1666 3107 1719 3147 et
1744 3104 1836 3147 iam
1866 3115 1960 3147 non
1989 3102 2050 3144 H

243 3170 465 3212 Bacheler
643 3174 666 3214 7
699 3173 902 3226 subiecit
934 3173 995 3217 H
1016 3174 1266 3230 supposuit
1296 3174 1339 3217 L
1496 3176 1548 3218 10
1579 3175 1770 3231 longum
1801 3177 1902 3219 erat
1930 3174 2041 3217 ohne

244 3241 395 3283 Liccke
424 3243 645 3287 Racheler
770 3246 822 3286 14
851 3244 1076 3290 bibebant
1105 3245 1147 3288 L
1280 3247 1331 3288 18
1363 3244 1632 3293 ferebantur
1661 3247 1704 3290 L
1828 3247 1884 3287 20
1914 3258 2040 3302 sym-

243 3310 498 3366 phoniacus
543 3327 644 3359 cum
689 3314 890 3382 minim-is
945 3316 1095 3361 Wehle
1139 3329 1188 3372 p.
1231 3317 1282 3358 15
1342 3329 1446 3362 cum
1490 3318 1693 3362 minimis
1738 3315 2042 3375 symphonia-

243 3395 324 3427 cus
357 3384 453 3427 HL
