2418 3762
304 274 320 321 1
338 272 403 322 56
939 268 1066 313 Cena
1097 267 1470 313 Trimalchionis.
2132 300 2319 341 Bfichele

299 429 442 465 mum
480 410 595 480 fugi
632 416 886 478 tanquam
924 406 1056 487 copo
1095 410 1431 480 compilatuS,
1478 417 1530 465 et
1567 418 1851 481 postquam
1889 412 2015 466 veni
2050 413 2108 467 in
2137 371 2225 470 ΗΡ.
2247 357 2299 398 41

296 505 464 559 illum¹
490 505 680 571 locum,
724 503 782 556 in
821 519 924 571 quo
962 502 1184 573 lapidea
1219 503 1542 558 vestimenta
1580 510 1733 558 erant
1770 503 1932 569 facta,
1970 504 2107 558 nihil

296 597 480 652 inveni
517 596 623 650 nisi
662 593 999 664 sanguineml
1053 601 1111 649 ut
1135 613 1261 651 vero
1289 596 1502 651 domum
1528 597 1668 663 veni,
1712 597 1926 650 iacebat
1949 597 2106 651 miles

298 706 450 743 meus
486 690 544 743 in
581 689 719 743 lecto
775 691 1032 757 tanquam
1061 689 1240 756 bovis,
1303 695 1356 743 et
1402 690 1604 744 collum
1659 689 1808 743 illius
1863 688 2106 743 medicus

242 793 266 832 5
298 783 538 835 curabat.
590 780 835 836 intellexi
870 782 1024 836 illum
1060 782 1403 851 versipellem
1438 785 1581 860 esse,
1623 799 1723 836 nec
1759 787 1949 852 postea
1986 799 2106 835 cum

274 864 398 928 illo·
429 884 625 945 pan‘em
663 879 883 944 gustare
919 876 1086 945 potui,
1130 893 1236 930 non
1274 876 1320 929 si
1356 877 1443 929 me
1482 874 1794 930 occidisses,
1873 874 2106 928 viderint

297 967 392 1020 alii
418 966 548 1036 quid
573 967 641 1021 de
667 967 768 1022 hoe
792 967 1187 1038 exopinissent3
1222 984 1322 1036 ego
1343 968 1388 1021 si
1413 968 1655 1035 mentior,
1688 969 1877 1037 genios
1897 973 2107 1023 vestros

296 1061 462 1114 iratos
499 1055 763 1114 habeam.²

214 1159 280 1210 63
441 1146 680 1207 attonitis
718 1153 1072 1207 admiratione
1098 1153 1364 1225 universis
1394 1149 1587 1207 ‘salvo'
1628 1154 1803 1222 inquit
1834 1149 1950 1208 ‘tuo
1990 1170 2102 1207 ser-
2133 1156 2339 1196 michel*

216 1259 267 1299 10
294 1240 470 1302 mone³
514 1245 842 1299 Trimalchio
889 1240 955 1299 ‘si
995 1262 1102 1313 qua
1138 1245 1272 1299 fides
1312 1252 1408 1312 est,
1473 1247 1567 1316 [ut]
1614 1246 1748 1299 mihi
1784 1247 1886 1316 pili
1922 1247 2106 1301 inhor-
2186 1227 2228 1266 P'
2250 1212 2306 1253 42

297 1331 544 1405 ruerunt,
574 1339 703 1406 quia
730 1339 839 1391 scio
865 1339 1184 1400 Niceronem
1208 1338 1346 1392 nihil
1371 1356 1635 1408 nugarum
1659 1355 1901 1393 narrare:
1945 1340 2107 1393 immo

299 1438 474 1486 certus
514 1437 596 1486 est
633 1436 687 1486 et
723 1431 941 1484 minime
978 1431 1274 1500 linguosus.
1352 1449 1479 1485 nam
1531 1436 1585 1485 et
1633 1431 1752 1501 ipse
1802 1432 1956 1486 vobis
1992 1449 2107 1486 rem

297 1524 608 1578 horribilem
645 1523 892 1578 narrabo.
973 1524 1159 1578 asinus
1196 1524 1254 1578 in
1291 1525 1506 1594 tegulis.
1573 1542 1690 1578 cum
1718 1524 1898 1579 adhue
1935 1525 2107 1594 capil-

296 1619 439 1670 latus
468 1632 659 1684 essem,
703 1634 829 1670 nam
857 1635 890 1670 a
916 1634 1080 1687 puero
1106 1617 1272 1671 vitam
1299 1617 1488 1671 Chiam
1514 1618 1675 1686 gessi,
1722 1618 1903 1687 ipsimi
1938 1618 2108 1672 nostri

215 1700 266 1762 1'5
298 1710 560 1763 delicatus
618 1708 881 1773 decessit,
942 1705 1280 1764 mehercules
1337 1711 1701 1780 margaritum,
1764 1711 1996 1764 caecitus
2053 1716 2108 1764 et

297 1802 533 1857 omnium
569 1789 865 1856 numerum.
949 1820 1068 1857 cum
1117 1820 1243 1873 ergo
1288 1804 1441 1856 illum
1488 1811 1659 1858 mater
1694 1802 1910 1882 misella
1944 1805 2106 1872 plan-

268 1879 447 1964 >geret
503 1901 556 1948 et
610 1911 707 1948 nos
762 1901 876 1949 tum
930 1896 1114 1966 plures
1168 1896 1225 1950 in
1272 1897 1591 1951 tristimonio
1630 1878 1887 1964 essemus,
1933 1897 2106 1949 subito

298 1988 500 2056 strigae
526 1988 747 2040 stridere
773 1994 1092 2057 coeperunt3
1118 1994 1336 2058 putares
1363 2007 1551 2044 canem
1570 1990 1809 2060 leporem
1834 1989 2102 2059 persequi.

297 2068 630 2133 habebamus
649 2086 777 2134 tunc
796 2081 1068 2134 hominem
1088 2081 1481 2152 Cappadocem,
1502 2083 1737 2152 longum,
1753 2082 1914 2136 valde
1934 2081 2102 2135 auda-

169 2183 176 2191 ·
216 2185 267 2226 20
300 2173 478 2239 culum
517 2178 569 2225 et
608 2174 699 2240 qui
737 2173 984 2227 valebat:
1027 2178 1238 2242 poterat
1273 2176 1463 2229 bovem
1499 2175 1693 2229 iratum
1730 2176 1935 2229 tollere.
2015 2175 2104 2228 hic

297 2248 555 2320 audacter
593 2265 772 2318 stricto
811 2265 996 2334 gladio
1035 2272 1188 2321 extra
1226 2268 1421 2322 ostium
1459 2268 1809 2337 procucurrit,
1862 2268 2104 2322 involuta

297 2358 515 2411 sinistra
551 2375 714 2412 manu
752 2358 976 2428 curiose,
1021 2365 1072 2413 et
1108 2361 1387 2414 mulierem
1436 2367 1691 2429 tanquam
1739 2361 1841 2414 hoc
1878 2361 1996 2415 loco
2031 2354 2121 2400 --’

298 2451 507 2505 salvum
545 2451 629 2517 sit,
674 2451 819 2519 quod
854 2456 1017 2520 tango
1043 2484 1112 2491 —
1138 2453 1372 2506 mediam
1410 2454 1639 2508 traiecit.
1717 2453 1965 2507 audimus
2004 2470 2103 2522 ge-

295 2543 503 2612 mitum,
552 2549 605 2598 et
646 2544 810 2614 plane
852 2561 958 2598 non
1008 2546 1251 2613 mentiar,
1303 2545 1452 2614 ipsas
1500 2563 1606 2600 non
1643 2546 1895 2600 vidimus.
1973 2546 2102 2600 baro

212 2649 266 2690 25
297 2641 478 2690 autem
513 2642 697 2690 noster
730 2637 1062 2692 introversus
1102 2654 1159 2692 se
1196 2638 1422 2708 proiecit
1457 2639 1514 2692 in
1550 2640 1761 2707 lectum,
1820 2645 1874 2693 et
1912 2655 2103 2710 corpus

411 2967 451 3017 6,
488 2967 511 3007 7
558 2966 765 3011 viderint
792 2965 884 3023 [alii
926 2966 1039 3024 quid
1081 2966 1139 3010 de
1179 2965 1267 3010 hoe
1297 2968 1519 3010 Racheler
1564 2967 1774 3013 viderint
1811 2969 1890 3026 qui
1921 2968 2010 3013 hoe
2040 2969 2101 3013 de

297 3035 410 3081 alibi
442 3037 501 3079 H
652 3039 703 3080 10
738 3041 788 3082 ut
819 3039 927 3081 olma
959 3033 1226 3082 Klammern
1255 3038 1503 3082 Bito-helem
1660 3039 1712 3080 12
1742 3042 1861 3094 nam]
1897 3040 1990 3084 iam
2019 3040 2101 3083 Ja-

296 3108 393 3151 cobs
513 3109 563 3150 14
596 3109 752 3165 ipsimi
783 3110 936 3155 nostri
965 3109 1188 3155 Biia-heler-
1227 3109 1343 3165 ipim
1373 3109 1537 3154 mostri
1573 3111 1630 3153 H
1727 3111 1778 3152 15
1811 3112 2017 3155 eaccitus
2046 3111 2107 3154 H

298 3179 549 3224 catamitus
578 3180 739 3223 Jacobs
769 3181 896 3224 Jahn
936 3184 1137 3226 eccritus
1169 3181 1406 3224 Reinesius
1445 3181 1647 3227 zacritus
1680 3182 1864 3225 Rimsclz
1930 3184 1982 3225 17
2011 3194 2098 3226 nos

296 3253 395 3293 tum
424 3251 584 3306 plures
617 3252 677 3294 H
708 3255 919 3296 nostrum
948 3252 1104 3308 plures
1134 3252 1355 3296 Heinsius
1465 3254 1520 3295 20
1552 3256 1740 3310 poterat
1770 3252 1925 3296 delevit
1954 3252 2100 3296 editor

298 3320 548 3365 Patavium
587 3322 758 3368 bovem
790 3324 954 3367 Reiske
994 3323 1162 3370 Jovem
1194 3325 1254 3367 H
1400 3356 1403 3359 -
1441 3326 1495 3366 24
1526 3328 1575 3369 et
1603 3325 1740 3380 plane
1771 3325 1832 3368 H
1854 3323 2099 3368 Bitchelerss
2144 3343 2149 3355 ·

297 3391 380 3434 sed
411 3393 548 3448 plane
580 3393 806 3436 Biccheler
838 3394 875 3436 Ι
896 3395 990 3438 und
1018 3394 1037 3424 2
