2418 3762
325 264 427 316 194
963 257 1090 304 Cena
1118 254 1493 315 Trimalchionis.

321 403 409 457 hic
448 401 579 455 mihi
617 399 754 455 dixit
791 398 954 454 etiam
999 415 1081 466 ea,
1142 415 1281 466 quae
1326 396 1524 452 oblitus
1575 414 1744 463 eram,
1798 397 1866 451 ab
1911 396 2030 451 acia
2077 402 2130 451 et

321 513 421 550 acu
459 495 534 548 mi
570 493 750 548 omnia
788 491 1067 561 exposuit,
1109 489 1399 545 intestinas
1436 506 1587 544 meas
1625 494 1865 558 noverat,
1918 493 2127 543 tantum

320 587 466 657 quod
502 586 632 640 mihi
669 602 774 639 non
815 584 1040 650 dixerat,
1088 582 1218 651 quid
1255 581 1433 653 pridie
1470 598 1809 636 cenaveram.
1878 586 2128 652 putasses

235 680 472 736 77i11um
511 694 721 749 semper
757 682 967 731 riiecum
1013 676 1306 731 habitasse.
1384 691 1531 744 rogo,
1584 675 1839 728 Habinna
1874 707 1946 713 —-
1982 680 2130 744 puto,

264 784 289 824 5
320 772 610 827 interfuisti
646 791 738 822 —-:
801 772 900 824 “tu
953 769 1225 823 dominam
1272 774 1421 822 tuam
1469 767 1537 822 de
1574 768 1734 821 rebus
1775 767 1888 821 illis
1926 766 2126 821 fecisti.

318 871 378 920 tu
414 881 605 934 parum
653 863 788 918 felix
833 861 890 916 in
937 863 1137 916 amicos
1163 876 1257 915 es.
1335 877 1493 915 nemo
1530 876 1768 929 unquam
1804 861 1904 914 tibi
1942 877 2131 930 parem

318 957 550 1028 gratiam
586 955 767 1011 refert.
843 961 902 1010 tu
945 953 1235 1010 latifundia
1283 953 1547 1023 possides.
1630 958 1689 1007 tu
1738 952 1980 1023 viperam
2030 952 2131 1006 sub

319 1050 411 1104 ala
456 1048 723 1104 nutricas''
764 1052 832 1116 et,
891 1047 1020 1116 quid
1067 1048 1218 1102 vobis
1272 1063 1379 1100 non
1426 1046 1686 1100 dixerim?
1753 1051 1807 1100 et
1859 1063 2000 1100 nunc
2056 1047 2134 1114 mi

318 1148 522 1196 restare
566 1141 713 1196 vitae
763 1156 933 1194 annos
983 1140 1205 1209 triginta
1255 1144 1309 1193 et
1355 1154 1571 1193 menses
1620 1143 1869 1206 quattuor
1921 1143 1974 1192 et
2013 1138 2132 1193 dies

235 1245 288 1287 10
320 1234 473 1289 duos.
538 1239 820 1303 praeterea
856 1233 960 1287 cito
997 1233 1260 1302 accipiam
1297 1231 1669 1285 hereditatem.
1735 1230 1836 1284 hoc
1873 1230 2006 1284 mihi
2044 1231 2131 1284 di-

320 1327 391 1382 eit
427 1328 596 1381 Fatus
633 1343 804 1380 meus.
885 1324 1027 1394 quod
1074 1325 1121 1378 si
1172 1324 1456 1394 contigerit
1504 1322 1698 1377 fundos
1735 1322 1969 1393 Apuliae
2005 1323 2132 1378 iun-

317 1436 461 1489 gere,
502 1419 633 1473 satis
684 1420 840 1473 vivus
887 1434 1201 1487 pervenero.
1280 1417 1493 1470 interim
1542 1415 1671 1469 dum
1707 1415 2001 1469 Mercurius
2047 1416 2135 1470 vi-

317 1512 470 1581 gilat,
514 1510 798 1565 aedificavi
822 1509 961 1564 hanc
985 1509 1218 1564 domum.
1297 1515 1356 1563 ut
1382 1509 1545 1576 scitiS‚
1591 1508 1778 1562 casula
1805 1514 1944 1572 erat3
1988 1525 2134 1563 nunc

316 1604 579 1674 templum
618 1609 720 1658 est.
796 1602 961 1657 habet
985 1607 1236 1672 quattuor
1260 1603 1588 1670 cenationes,
1634 1601 1881 1655 cubicula
1916 1601 2133 1670 viginti,

233 1708 287 1750 15
317 1697 551 1766 porticus
589 1700 935 1750 marmoratos
973 1695 1127 1762 duos,
1183 1711 1368 1750 susum
1406 1696 1766 1763 cellationem,
1822 1693 2128 1748 cubiculum

315 1789 373 1843 in
411 1806 515 1858 quo
551 1789 671 1859 ipsc
698 1789 920 1858 dormio,
964 1789 1185 1857 viperae
1221 1784 1382 1842 huius
1422 1788 1729 1860 sessorium‚
1775 1786 1979 1840 ostiarii
2016 1787 2131 1840 cel-

315 1882 426 1935 lam
463 1882 782 1953 perbonam3
838 1881 1130 1951 hospitium
1178 1881 1422 1951 hospites
1466 1881 1630 1951 capit.
1721 1879 1794 1933 ad
1842 1895 2123 1947 summam,

318 1974 552 2028 Scaurus
591 1991 709 2028 cum
751 1974 858 2028 huc
904 1973 1067 2043 venit,
1120 1990 1391 2042 nusquam
1435 1972 1698 2028 mavoluit
1744 1971 2019 2041 hospitari,
2076 1978 2131 2026 et

315 2066 481 2120 habet
516 2066 588 2120 ad
624 2083 772 2120 mare
809 2072 1090 2135 paternum
1127 2066 1439 2135 hospitium.
1526 2070 1580 2119 et
1616 2064 1785 2118 multa
1831 2065 1942 2118 alia
1979 2069 2121 2131 sunt,

231 2172 286 2214 20
318 2173 457 2226 quae
497 2159 676 2212 statim
701 2159 857 2213 vobis
884 2158 1184 2213 ostendam.
1265 2158 1464 2212 credite
1490 2158 1646 2211 mihi:
1691 2143 1870 2211 assem
1894 2157 2121 2226 habeaS,

316 2266 493 2305 assem
517 2251 732 2314 valeas;
763 2251 954 2320 habes,
988 2250 1292 2305 habeberis.
1349 2250 1425 2305 sic
1451 2250 1654 2304 amicus
1681 2255 1876 2318 vester,
1909 2250 2000 2319 qui
2026 2249 2134 2304 fuit

315 2359 464 2405 rana,
515 2360 656 2396 nunc
706 2349 787 2397 est
831 2359 944 2397 rex.
1032 2343 1269 2410 interim,
1325 2343 1534 2412 Stiche,
1584 2342 1763 2413 profer
1806 2342 2016 2412 vitalia,
2069 2343 2135 2397 in

431 2949 454 2989 3
485 2948 599 2992 mihi
630 2963 703 2991 am
734 2950 897 2993 Rande
926 2949 1219 3008 hinzuqefiiqt
1249 2948 1296 2992 in
1326 2950 1386 2992 H
1439 2950 1463 2990 5
1495 2949 1731 2994 dominam
1763 2952 1903 3004 tuam]
1936 2951 2126 2996 domum

314 3018 423 3062 oder
442 3019 695 3064 dominium
720 3024 846 3066 tuum
866 3019 1086 3064 Heinsius
1116 3019 1256 3066 rebus
1284 3020 1377 3066 illis
1398 3024 1661 3077 corruptum
1681 3021 1902 3066 Biicheler
1922 3022 1959 3065 I
1979 3021 2125 3068 rebus

311 3090 496 3146 pusillis
527 3090 748 3135 Heinsius
785 3091 926 3138 rebus
956 3090 1061 3137 imis
1090 3091 1364 3151 Hirschfeld
1494 3092 1519 3135 8
1551 3092 1666 3151 quid
1694 3092 1832 3138 vobis
1862 3106 1955 3138 non
1986 3093 2121 3138 dixe-

312 3160 431 3204 rim‘l
473 3163 697 3206 Enchelei·
735 3163 770 3206 I
821 3163 949 3221 quod
995 3162 1132 3209 vobis
1181 3176 1275 3207 non
1322 3163 1545 3220 dixerim,
1588 3164 1840 3209 Bacheler³
1898 3167 1946 3209 et
1982 3165 2117 3217 nunc]

314 3231 455 3276 etiam
492 3233 612 3277 nunc
643 3234 768 3278 Jahn
886 3235 938 3277 13
981 3235 1142 3279 casula
1172 3234 1392 3279 Heinsius
1433 3247 1575 3280 cusuc
1604 3235 1664 3278 H
1784 3236 1833 3277 15
1865 3246 2142 3290 marmora-v

311 3305 386 3345 tos
419 3304 553 3358 duos]
586 3305 878 3351 marmoratis
920 3305 1037 3351 duos
1067 3307 1127 3349 H
1165 3305 1459 3352 collationem
1490 3306 1549 3348 H
1591 3306 1882 3353 cenationem
1917 3305 2126 3364 Scheffer·

312 3374 531 3419 Baebeler
650 3377 701 3419 18
733 3375 959 3422 mavoluit
989 3378 1049 3420 H
1086 3377 1264 3424 mavolt
1296 3377 1515 3422 Heinsius

2162 283 2325 326 Biichel
2337 304 2346 319 ι

2210 355 2253 395 p.
2278 340 2334 384 52

2164 412 2222 454 H
