2366 3756
260 265 326 319 76
899 264 1024 311 Cena
1053 266 1425 314 Trimalchionis.

257 412 373 462 erat
428 424 546 462 cum
601 408 703 462 hac
751 407 1098 479 inscriptione
1143 407 1307 464 fixus:
1371 404 1634 480 ‘quisquis
1692 429 1881 467 servus
1936 415 2051 469 sine
2082 375 2259 485 Βῑζῖὴῖο

257 500 520 555 dominico
557 501 706 554 iussu
744 500 887 555 foras
926 501 1131 567 exierit,
1178 502 1406 573 accipiet
1442 505 1633 577 plagas
1673 501 1918 560 centum’.
1958 508 1966 578 Ι
1998 508 2054 561 in
2087 517 2181 559 HL

254 593 404 648 aditu
442 599 621 648 autem
646 594 767 663 ipso
801 594 979 647 stabat
1004 595 1255 649 ostiarius
1281 597 1606 666 prasinatus.
1651 598 1893 654 cerasino
1934 617 2055 655 suc-

253 686 458 741 cinctus
497 678 933 756 cingulosatque
969 687 1023 741 in
1061 688 1216 743 lance
1255 696 1513 759 argentea
1549 691 1726 761 pisum
1763 694 2046 761 purgabat.

197 795 221 834 5
254 796 416 850 super
470 779 636 834 limen
679 784 861 834 autem
915 797 1085 835 cavea
1131 782 1402 851 pendebat
1451 800 1632 850 aurea,
1691 784 1747 836 in
1787 801 1893 852 qua
1931 787 2053 855 pica

166 873 232 924 29
252 871 406 926 varia
441 873 701 927 intrantes
740 873 1028 927 salutabat.
1110 879 1342 929 ceterum
1394 893 1494 946 ego
1548 876 1671 929 dum
1718 877 1899 931 omnia
1938 884 2051 932 stu·

247 983 369 1036 pe0‚
421 982 596 1036 paene
646 966 990 1037 resupinatus
1036 984 1189 1022 crura
1243 986 1364 1022 mea
1412 969 1566 1038 fregi.
1659 970 1732 1023 ad
1780 970 2049 1025 sinistram

248 1058 388 1112 enim
426 1059 749 1114 intrantibus
787 1076 894 1114 non
931 1060 1092 1130 longe
1131 1062 1198 1116 ab
1236 1062 1440 1117 ostiarii
1480 1062 1619 1116 cella
1644 1063 1793 1117 canis
1830 1064 2042 1132 ingens,

247 1157 440 1206 catena
476 1153 703 1217 vinctUS‚
753 1152 809 1205 in
856 1153 1062 1223 pariete
1113 1160 1229 1209 erat
1263 1155 1438 1226 pictus
1478 1172 1743 1225 superque
1783 1157 2048 1224 quadrata

162 1259 214 1300 10
245 1245 402 1299 litera
450 1244 704 1314 scriptum
748 1239 903 1299 ‘cave
953 1242 1174 1300 canem'.
1274 1253 1327 1302 et
1382 1249 1624 1318 collegae
1673 1249 1891 1317 quidem
1939 1252 2045 1304 mei

241 1337 500 1406 riserunt,
564 1354 663 1406 ego
720 1344 900 1392 autem
953 1339 1174 1393 collecto
1231 1341 1422 1410 spiritu
1476 1358 1581 1395 non
1638 1341 1820 1396 destiti
1875 1348 2043 1396 totum

240 1429 503 1499 parietem
565 1431 834 1499 persequi.
902 1438 1017 1485 erat
1076 1438 1253 1486 autem
1316 1422 1640 1487 venalicium
1700 1453 1815 1486 cum
1870 1434 2043 1489 titulis

239 1522 456 1592 pictum,
517 1528 570 1576 et
615 1523 734 1593 ipse
772 1523 1091 1579 Trimalchio
1143 1526 1431 1595 capillatus
1483 1526 1778 1581 caduceum
1826 1528 2043 1581 tenebat

238 1615 584 1684 Minervaque
623 1615 850 1670 ducente
876 1619 1100 1671 Romam
1137 1619 1384 1674 intrabat.
1437 1619 1562 1674 hinc
1589 1619 2041 1688 quemadmodum

156 1723 207 1764 15
238 1707 544 1762 ratiocinari
600 1708 901 1777 didicisset,
961 1694 1191 1779 denique
1248 1701 1589 1782 dispensator
1643 1711 1816 1767 factus
1872 1720 2034 1776 esset,

238 1800 416 1854 omnia
457 1800 746 1870 diligenter
791 1803 1033 1857 curiosus
1078 1804 1250 1875 pictor
1296 1821 1414 1860 cum
1458 1806 1803 1876 inscriptione
1852 1806 2039 1860 reddi-

239 1892 411 1947 derat.
465 1894 522 1947 in
560 1876 851 1949 'deficiente
897 1913 1023 1950 vero
1068 1898 1177 1951 iam
1227 1899 1434 1968 porticu
1481 1900 1717 1952 levatum
1767 1903 1947 1953 mento
1983 1900 2040 1952 in

234 1985 469 2039 tribunal
508 1988 777 2042 excelsum
814 1989 1111 2044 Mercurius
1147 1990 1410 2060 rapiebat.
1490 1997 1706 2061 praesto
1754 1997 1870 2046 erat
1905 1993 2038 2046 For-

235 2084 366 2132 tuna
406 2095 524 2132 cum
565 2096 725 2134 cornu
763 2080 1060 2136 abundanti
1104 2083 1356 2153 [copiosa]
1397 2090 1450 2138 et
1484 2091 1593 2139 tres
1630 2085 1834 2138 Parcae
1872 2101 2036 2138 aurea

148 2188 201 2229 20
234 2187 406 2241 pensa
443 2175 770 2240 torquentes.
824 2176 1008 2229 notavi
1059 2176 1222 2230 etiam
1258 2177 1315 2231 in
1352 2178 1556 2248 porticu
1595 2195 1816 2247 gregem
1853 2194 2037 2232 curso-

232 2279 349 2316 rum
388 2279 507 2317 cum
545 2265 803 2334 magistro
849 2284 908 2322 se
947 2275 1299 2324 exercentem.
1381 2276 1663 2347 praeterea
1706 2269 1911 2340 grande
1948 2288 2035 2324 ar-

231 2356 457 2410 marium
512 2356 569 2411 in
613 2359 813 2427 angulo
864 2360 996 2429 vidi,
1057 2362 1112 2415 in
1163 2363 1314 2417 cuius
1371 2355 1621 2418 aedicula
1666 2369 1819 2417 erant
1867 2364 2032 2417 Lares

230 2449 474 2518 argentei
523 2451 685 2519 positi
733 2453 1065 2522 Venerisque
1113 2449 1327 2524 signum
1375 2473 1729 2511 marmoreum
1777 2461 1830 2510 et
1870 2447 2032 2525 pyxis

229 2558 395 2596 aurea
431 2559 540 2597 non
577 2545 798 2614 pusilla,
853 2546 910 2599 in
950 2563 1057 2615 qua
1105 2549 1328 2603 barbam
1374 2549 1546 2620 ipsius
1596 2549 1867 2604 conditam
1912 2565 2031 2604 esse

142 2644 196 2686 25
229 2633 496 2689 dicebant.

341 2966 366 3007 3
396 2969 551 3011 autem
573 2966 697 3024 fehlt
724 2966 772 3010 in
802 2968 846 3011 L
1043 2971 1071 3011 4
1102 2969 1235 3014 lance
1253 2970 1381 3027 fehlt
1410 2970 1459 3015 in
1486 2973 1547 3015 H
1726 2974 1752 3014 6
1782 2972 1845 3016 ad
1874 2971 2027 3016 omnia

222 3034 441 3079 Heinsius
588 3038 640 3080 12
671 3051 772 3081 cum
803 3039 1026 3083 Bia'cheler
1053 3041 1165 3084 nack
1192 3040 1432 3086 Burmann
1578 3045 1632 3087 14
1661 3044 1872 3098 Romam]
1902 3043 2026 3088 colo·

222 3105 345 3149 niam
374 3106 536 3151 Studer
642 3110 692 3152 15
725 3110 927 3169 deinque
957 3111 1063 3155 oder
1083 3111 1285 3170 denique
1304 3114 1365 3157 Η
1395 3115 1631 3167 (Βᾶοήοῑεν
1651 3116 1690 3159 Ι
1709 3130 1756 3173 p.
1774 3113 2021 3168 XXXHII)

222 3177 333 3221 dein
358 3178 467 3240 >oder
498 3179 669 3225 deinde
700 3181 744 3224 L
845 3183 896 3227 18
936 3182 1151 3240 rapiebat
1179 3184 1240 3227 Η
1277 3186 1496 3242 capiebat
1524 3188 1566 3231 L
1668 3188 1720 3229 19
1751 3201 1851 3230 cum
1879 3198 2023 3230 cornu

222 3247 479 3294 abundanti
523 3251 743 3307 [copiosa]
794 3255 908 3298 Goes
965 3269 1060 3299 eum
1102 3267 1247 3301 cornu
1291 3257 1579 3312 [abundanti]
1631 3257 1825 3315 copioso
1873 3256 2022 3302 Wehle

218 3332 263 3375 p.
293 3319 346 3361 16
377 3332 519 3366 cornu
550 3321 807 3368 abundanti
839 3325 1128 3382 conspicua?
1157 3328 1400 3372 Bia-hece&
1535 3327 1601 3371 23'
1618 3340 1923 3374 marmoreum
1954 3329 2016 3381 et]

218 3401 520 3435 marmoreum
551 3394 756 3449 positum
785 3399 834 3440 et
862 3396 922 3438 H
