2418 3762
272 754 296 793 5

245 1218 294 1258 10

242 1398 309 1466 64

244 1780 294 1820 15

243 2244 296 2284 20

244 2708 297 2748 25

332 235 430 285 158
966 229 1094 274 Cena
1124 228 1492 273 Trimalchionis.

325 380 494 429 totum
531 373 758 426 lividum
795 372 1033 426 habebat
1069 371 1225 441 quasi
1261 371 1493 441 flagellis
1519 387 1728 437 caesus,
1774 371 1902 439 quia
1926 371 2132 424 scilicet

324 467 477 520 illum
515 466 766 536 tetigerat
803 466 948 519 mala
984 479 1189 518 manus,
1265 481 1363 520 nos
1401 464 1548 518 cluso
1587 464 1721 518 ostio
1758 463 1993 517 redimus
2028 464 2131 517 ite-

326 577 440 614 rum
479 559 550 613 ad.
587 558 838 626 officium,
885 557 982 612 sed
1020 575 1139 611 cum
1185 563 1355 612 mater
1402 558 1740 628 amplexaret
1790 571 1981 627 corpus
2032 555 2130 609 filii

327 654 428 712 sui,
486 652 659 720 tangit
697 648 761 705 vet
800 650 958 705 videt
1013 651 1373 705 manuciolum
1425 650 1494 704 tle
1542 650 1850 705 stramentis
1906 650 2126 703 factum.

327 762 435 799 non
484 761 572 798 cor
616 743 869 812 habebat,
925 760 1033 798 non
1079 743 1353 810 intestina,
1405 760 1511 797 non
1556 745 1872 812 quicquam:
1928 742 2133 796 scilicet

326 839 434 904 iam
471 854 696 906 puerum
725 836 924 906 strigae
948 837 1322 891 involaverant
1346 842 1400 891 et
1435 840 1831 907 supposuerant
1867 840 2132 888 stramen-

325 930 509 984 ticium
547 934 885 984 vavatonem.
961 946 1090 998 rogo
1128 945 1242 998 VOS,
1294 935 1500 1000 oportet
1546 928 1796 994 credam,
1850 933 1976 982 sunt
2010 944 2130 980 mu-

326 1019 485 1077 lieres
541 1024 828 1093 plussciae,
890 1029 1014 1077 sunt
1067 1028 1388 1091 nocturnae,
1449 1027 1502 1076 et
1563 1021 1706 1090 quod
1762 1038 1970 1076 sursum
2026 1026 2123 1086 est,

328 1116 576 1170 deorsum
614 1115 836 1169 faciunt.
915 1121 1150 1170 ceterum
1186 1116 1316 1169 baro
1353 1115 1449 1169 ille
1487 1116 1680 1184 longus
1718 1121 1840 1184 post
1876 1114 1978 1168 hoc
2014 1113 2130 1166 fac-

325 1215 439 1263 tum
476 1226 747 1278 nunquam
777 1208 964 1262 coloris
991 1210 1074 1262 sui
1099 1209 1214 1273 fuit,
1259 1209 1420 1261 immo
1444 1214 1565 1277 post
1589 1222 1791 1276 paucos
1829 1206 1946 1260 dies
1970 1206 2130 1276 phre-

325 1302 533 1355 neticus
571 1295 761 1371 periit².

469 1394 726 1447 miramur
765 1410 861 1447 nos
889 1399 942 1448 et
966 1394 1168 1463 pariter
1194 1393 1481 1462 credimus»,
1526 1392 1863 1460 osculatique
1888 1407 2130 1445 mensam

326 1503 576 1555 rogamus
604 1487 925 1554 Nocturnas,
967 1492 1027 1539 ut
1052 1488 1164 1540 suis
1203 1486 1407 1538 sedibus
1446 1502 1505 1539 se
1542 1491 1777 1554 teneant,
1823 1484 1949 1538 dum
1986 1484 2130 1538 redi—

326 1595 444 1633 mus
482 1597 516 1632 a
555 1596 703 1632 cena.

402 1764 406 1767 ’
470 1771 522 1819 et
560 1782 690 1818 sane
726 1765 835 1818 iam
873 1766 1128 1820 lucernae
1177 1766 1309 1819 mihi
1357 1766 1540 1835 plures
1578 1766 1901 1820 videbantur
1938 1764 2126 1817 ardere

326 1863 598 1927 totumque
648 1857 936 1911 triclinium
987 1875 1108 1914 esse
1156 1864 1435 1926 mutatum,
1493 1877 1613 1913 cum
1651 1857 1976 1912 Trimalchio
2009 1851 2131 1910 ‘tibi

329 1947 461 2005 dico'
502 1951 676 2018 inquit
713 1946 996 2017 ‘Plocame‚
1046 1952 1181 2006 nihil
1217 1957 1442 2005 narras?
1501 1952 1635 2006 nihil
1672 1968 1771 2005 nos
1810 1950 2133 2005 delectaris?

328 2049 380 2097 et
413 2044 626 2098 solebas
653 2045 872 2098 suavius
899 2060 1036 2112 esse,
1080 2045 1226 2099 belle
1253 2038 1509 2099 deverbia
1540 2046 1737 2116 dicere,
1781 2044 1976 2098 melica
2001 2060 2131 2096 can-

327 2138 510 2190 turire.
588 2136 694 2190 heu
731 2137 855 2204 heu,
899 2137 1089 2191 abistis
1127 2137 1298 2191 dulcis
1337 2125 1598 2195 caricae²i
1636 2132 1783 2190 ‘iam'
1817 2137 2000 2209 ,inquit
2036 2137 2130 2197 ille

323 2224 640 2297 ‘quadrigae
677 2219 831 2283 meae
869 2229 1302 2296 decucurrerunt,
1347 2246 1418 2284 ex
1454 2248 1559 2299 quo
1594 2218 1919 2301 podagricus
1956 2229 2131 2283 factus

330 2337 464 2374 sum.
531 2321 767 2390 alioquin
793 2339 913 2376 cum
939 2338 1114 2377 essem
1151 2322 1609 2389 adulescentulus,
1653 2323 1919 2377 cantando
1956 2339 2131 2392 paene

328 2414 514 2468 tisicus
562 2415 739 2468 factus
785 2431 917 2469 sum.
994 2415 1124 2494 quid
1173 2417 1373 2470 saltare
1386 2421 1411 2467 ἱ)
1469 2417 1600 2485 quid
1651 2417 1942 2471 deverbia?
2001 2416 2131 2484 quid

327 2506 684 2561 tonstrinum?
745 2508 957 2575 quando
1004 2525 1191 2578 parem
1227 2509 1394 2563 habui
1430 2509 1538 2563 nisi
1573 2527 1737 2564 unum
1774 2504 2126 2579 Apelletem?2

329 2600 685 2670 appositaque
736 2601 807 2654 ad
853 2617 911 2654 os
949 2617 1112 2655 manu
1148 2602 1328 2656 nescio
1366 2602 1495 2671 quid
1531 2609 1760 2658 taetrum
1799 2603 2123 2670 exsibilavit,

330 2693 473 2761 quod
510 2699 701 2763 postea
739 2692 1006 2749 Graecum
1045 2710 1165 2748 esse
1204 2695 1525 2750 affirmabat.

445 2926 470 2967 3
505 2936 608 2967 cum
638 2906 860 2966 Βᾱοήἑίεν
900 2923 1009 2967 dum
1040 2925 1100 2967 H
1229 2926 1252 2965 7
1285 2930 1564 2970 vavatonem
1595 2927 1656 2969 H
1684 2929 1956 2971 vavatorem
1986 2924 2132 2968 Hein-

329 2994 424 3037 sius
542 2996 593 3037 18
625 2994 817 3040 suavius
846 2995 1062 3039 Biicheler
1100 2995 1260 3042 suavis
1291 2997 1348 3040 H
1471 2998 1539 3047 18,
1577 2997 1627 3038 19
1659 2996 1782 3042 belle
1814 2996 2030 3042 diverbia
2058 2996 2132 3040 di-

332 3078 458 3118 cere,
501 3066 668 3110 melica
709 3065 947 3110 canturire
984 3066 1207 3110 Racheler
1250 3067 1485 3112 canturire
1515 3067 1639 3113 belle
1671 3068 1909 3119 deverbia‚
1929 3068 2130 3112 >adicere

329 3137 543 3180 melicam
574 3139 635 3181 H
820 3138 872 3179 19
905 3137 1071 3182 abistis
1106 3138 1166 3180 H
1195 3138 1278 3183 ubi
1309 3139 1424 3183 estis
1457 3139 1674 3182 Heinsius
1714 3139 1898 3183 caricae
1932 3139 2130 3196 Schqffer

330 3207 480 3251 carica
511 3208 571 3250 H
710 3209 766 3251 22
795 3209 960 3253 tisicus
990 3211 1050 3253 H
1079 3207 1342 3264 phthisicus
1371 3211 1589 3254 Biicheler
1727 3211 1780 3253 23
1813 3209 1998 3267 quando
2028 3211 2131 3253 Bii-

330 3279 472 3322 cheler
509 3278 571 3336 qfi
605 3281 670 3332 (=
703 3280 892 3337 quando
923 3279 1139 3334 Bursian)
1171 3282 1230 3324 H
1263 3292 1400 3336 quem
1429 3280 1669 3325 Enchelei-2
1803 3282 1858 3323 24
1887 3280 2129 3338 apposita-

330 3361 420 3404 que
454 3350 675 3394 Heinsius
714 3351 1025 3408 oppositaque
1059 3351 1119 3394 H

2158 258 2360 300 Biichele

2211 329 2254 368 p.
2275 314 2329 356 42

2161 385 2220 428 Η
