2418 3762
344 274 443 325 196
976 268 1105 314 Cena
1135 266 1504 314 Trimalchionis.

338 413 535 482 quibus
573 412 693 467 volo
732 428 817 465 me
856 410 1049 465 efferri.
1130 409 1313 480 profer
1362 414 1416 464 et
1467 416 1799 480 unguentum
1850 415 1903 464 et
1946 426 2013 464 ex
2050 409 2148 465 illa

339 503 598 576 amphora
635 508 866 573 gustum,
913 520 981 558 ex
1017 519 1125 571 qua
1159 502 1318 557 iubeo
1354 502 1531 558 lavari
1567 519 1692 557 ossa
1726 497 1884 557 mea.²

257 592 323 644 78
482 613 590 651 non
628 602 710 651 est
747 601 983 650 moratus
1021 594 1255 663 Stichus,
1299 594 1400 648 sed
1438 600 1492 650 et
1528 596 1821 664 stragulam
1870 595 2050 649 albam
2097 599 2150 648 et

340 693 677 759 praetextam
712 689 772 742 in
798 686 1099 742 ‘triclinium
1138 686 1319 741 attulit
1951 753 1953 755 ι

285 788 309 829 5
340 781 605 850 iussitque
629 796 727 835 nos
750 785 1037 850 temptare,
1068 797 1140 834 an
1164 780 1320 835 bonis
1344 779 1486 834 lanis
1513 784 1695 834 essent
1719 780 1982 834 confecta.
2038 785 2150 833 tum

341 873 624 927 subridens
657 868 805 926 ‘vide
842 866 911 926 tu³
954 872 1131 940 inquit
1162 866 1382 940 ‘Stiche,
1438 889 1508 925 ne
1556 874 1663 926 ista
1712 888 1891 926 mures
1929 877 2154 941 tangant

341 971 436 1019 aut
472 965 676 1032 tineae3
735 965 975 1033 alioquin
1009 971 1064 1020 te
1100 964 1284 1019 vivum
1324 964 1647 1019 comburam.
1740 980 1840 1033 ego
1889 963 2153 1032 gloriosus

340 1057 465 1112 volo
504 1057 697 1126 efferri,
743 1064 802 1113 ut
837 1063 981 1113 totus
1018 1058 1151 1112 mihi
1188 1057 1420 1127 populus
1457 1058 1597 1111 bene
1630 1051 1988 1127 imprecetur.³
2043 1062 2157 1110 sta-

343 1150 440 1204 tim
476 1150 771 1220 ampullam
808 1149 965 1205 nardi
989 1149 1201 1220 aperuit
1226 1165 1519 1218 omnesque
1548 1165 1647 1203 nos
1685 1149 1841 1203 unxit
1878 1154 1932 1203 et
1968 1144 2159 1219 ‘spero'

261 1250 312 1290 10
346 1243 522 1312 inquit
552 1237 812 1297 ‘futurum
850 1247 908 1295 ut
945 1258 1117 1310 aeque
1156 1258 1243 1294 me
1280 1247 1543 1295 mortuum
1594 1241 1741 1294 iuvet
1776 1247 2034 1310 tanquam
2070 1243 2157 1296 vi-

341 1329 501 1390 vum.²
579 1352 705 1388 nam
742 1336 926 1388 vinum
967 1333 1183 1402 quidem
1231 1334 1287 1386 in
1332 1332 1601 1387 vinarium
1645 1333 1804 1387 iussit
1852 1334 2067 1388 infundi
2104 1340 2158 1389 et

342 1421 547 1497 ‘putate
586 1422 695 1482 vos'
739 1428 816 1481 ait
852 1422 943 1480 ‘ad
980 1427 1288 1496 parentalia
1324 1442 1447 1479 mea
1483 1426 1741 1479 invitatos
1779 1421 1935 1481 esse?

486 1520 602 1573 ibat
639 1534 725 1573 res
763 1518 835 1572 ad
862 1534 1125 1572 summam
1148 1534 1427 1585 nauseam,
1475 1534 1596 1571 611111
1622 1518 1951 1575 Trimalchio
1977 1521 2157 1574 ebrie-

345 1617 458 1667 tate
493 1611 808 1682 turpissima
846 1611 1027 1680 gravis
1065 1628 1263 1665 novum
1300 1627 1565 1677 acroama,
1613 1609 1924 1676 cornicines⁷
1967 1600 2026 1663 in
2061 1610 2158 1662 tri-

262 1712 314 1753 15
345 1704 567 1759 clinium
603 1703 760 1759 iussit
797 1703 1012 1772 adduci⁷
1036 1704 1332 1772 'fultusque
1358 1703 1712 1758 cervicalibus
1747 1702 1932 1756 multis
1970 1709 2160 1756 exten-

346 1797 424 1851 dit
462 1813 522 1851 se
561 1814 722 1866 super
759 1802 932 1851 torum
980 1801 1278 1850 extremum
1327 1801 1381 1849 et
1413 1797 1616 1865 ‘fingite
1651 1790 1752 1850 me²
1791 1794 1965 1864 inquit
1995 1789 2161 1848 ‘mor-

345 1895 495 1944 tuum
547 1906 687 1944 esse.
768 1889 930 1944 dicite
980 1888 1187 1958 aliquid
1237 1883 1406 1942 belli.³
1487 1904 1813 1943 consonuerc
1861 1887 2158 1942 cornicines

346 1982 559 2036 funebri
597 1983 844 2052 strepitu.
923 1997 1062 2035 unus
1101 1982 1393 2051 praecipue
1430 1998 1619 2036 servus
1669 1971 1951 2035 libitinarii
1986 1980 2151 2049 illius,

348 2076 441 2143 qui
486 2076 625 2129 inter
674 2075 771 2129 hos
819 2075 1232 2128 honestissimus
1271 2077 1402 2140 erat,
1445 2080 1557 2128 tam
1605 2073 1767 2127 valde
1804 2073 2049 2151 intonuit,
2101 2078 2162 2127 ut

264 2174 318 2216 20
350 2171 517 2220 totam
557 2167 851 2221 concitaret
886 2166 1163 2220 viciniam.
1253 2165 1438 2233 itaque
1487 2165 1700 2234 vigiles,
1758 2166 1852 2234 qui
1889 2166 2161 2220 custodie-

349 2259 480 2313 bant
516 2259 750 2313 vicinam
788 2259 1081 2327 regionem,
1126 2259 1231 2312 rati
1270 2257 1462 2312 ardere
1487 2257 1900 2312 Trimalchionis
1926 2258 2159 2326 domum,

350 2351 677 2423 effregerunt
714 2353 933 2404 ianuam
959 2351 1135 2405 subito
1162 2356 1216 2404 ct
1241 2367 1360 2404 cum
1387 2367 1528 2419 aqua
1553 2351 1935 2419 securibusque
1958 2353 2161 2405 tumul-

350 2443 490 2497 tuari
529 2460 623 2498 suo
661 2444 777 2497 iure
804 2448 1112 2513 coeperunt.
1168 2458 1266 2498 nos
1293 2442 1629 2498 occasionem
1653 2444 2162 2513 opportunissimam

349 2536 496 2590 nacti
544 2537 936 2606 Agamemnoni
983 2535 1150 2589 verba
1199 2534 1447 2590 dedimus
1494 2536 1797 2606 raptimque
1844 2542 1956 2591 tam
1999 2537 2162 2607 plane

266 2635 320 2676 25
352 2636 513 2696 quam
553 2645 622 2683 ex
657 2627 908 2684 incendio
946 2628 1196 2697 fugimus.

469 2871 521 2913 18
552 2869 799 2916 libitinarii
829 2871 1029 2930 Scheffcr
1067 2869 1348 2916 libertinarii
1380 2872 1441 2915 H
1472 2867 1613 2915 ‘unde
1650 2870 1844 2916 coniciat
1882 2871 2047 2930 aliquis
2083 2871 2165 2929 qui

352 2942 475 2986 inter
506 2941 781 2988 collibertos
818 2942 917 2996 (hos
946 2941 1227 2996 libertinos)'
1257 2941 1503 2987 But-hezer&
1641 2943 1698 2985 24
1727 2946 1826 2988 tam
1853 2943 1995 3000 plane
2025 2956 2165 3001 quam

352 3013 413 3056 H
444 3012 583 3069 plane
612 3017 850 3071 tamquam
878 3013 1002 3057 Jahn

2177 298 2342 340 Buchel
2352 317 2370 336 -.,

2230 368 2270 407 p.
2294 354 2347 396 52

2180 424 2241 467 H
