<?xml version="1.0" encoding="UTF-8"?>
<!DOCTYPE html PUBLIC "-//W3C//DTD XHTML 1.0 Transitional//EN"
    "http://www.w3.org/TR/xhtml1/DTD/xhtml1-transitional.dtd">
<html xmlns="http://www.w3.org/1999/xhtml" xml:lang="en" lang="en">
 <head>
  <title>
</title>
<meta http-equiv="Content-Type" content="text/html;charset=utf-8" />
  <meta name='ocr-system' content='tesseract 3.04.00' />
  <meta name='ocr-capabilities' content='ocr_page ocr_carea ocr_par ocr_line ocrx_word'/>
</head>
<body>
  <div class='ocr_page' id='page_1' title='image "./petroniicenatrim00petruoft_0130.png"; bbox 0 0 2418 3762; ppageno 0'>
   <div class='ocr_carea' id='block_1_1' title="bbox 2310 0 2418 3762">
    <p class='ocr_par' dir='ltr' id='par_1_1' title="bbox 2310 0 2418 3762">
     <span class='ocr_line' id='line_1_1' title="bbox 2310 0 2418 3762; baseline 0 -3461"><span class='ocrx_word' id='word_1_1' title='bbox 2310 0 2418 3762; x_wconf 95' lang='lat' dir='ltr'><strong>   </strong></span> 
     </span>
    </p>
   </div>
   <div class='ocr_carea' id='block_1_2' title="bbox 266 293 2332 368">
    <p class='ocr_par' dir='ltr' id='par_1_2' title="bbox 266 293 2332 368">
     <span class='ocr_line' id='line_1_2' title="bbox 266 293 2332 368; baseline -0.001 -28"><span class='ocrx_word' id='word_1_2' title='bbox 266 300 290 349; x_wconf 90' lang='lat'>1</span> <span class='ocrx_word' id='word_1_3' title='bbox 302 298 370 351; x_wconf 84' lang='lat'><strong>20</strong></span> <span class='ocrx_word' id='word_1_4' title='bbox 903 293 1031 340; x_wconf 85' lang='lat' dir='ltr'><strong>Cena</strong></span> <span class='ocrx_word' id='word_1_5' title='bbox 1060 293 1434 340; x_wconf 81' lang='lat' dir='ltr'><strong>Trimalchionis.</strong></span> <span class='ocrx_word' id='word_1_6' title='bbox 2098 327 2131 366; x_wconf 78' lang='lat' dir='ltr'>B</span> <span class='ocrx_word' id='word_1_7' title='bbox 2135 327 2285 368; x_wconf 71' lang='lat' dir='ltr'><strong>nehela</strong></span> <span class='ocrx_word' id='word_1_8' title='bbox 2286 323 2332 367; x_wconf 57' lang='lat'><strong>13</strong></span> 
     </span>
    </p>
   </div>
   <div class='ocr_carea' id='block_1_3' title="bbox 262 382 2267 506">
    <p class='ocr_par' dir='ltr' id='par_1_3' title="bbox 262 382 2267 506">
     <span class='ocr_line' id='line_1_3' title="bbox 262 382 2267 506; baseline -0.001 -13"><span class='ocrx_word' id='word_1_9' title='bbox 262 454 382 493; x_wconf 90' lang='lat' dir='ltr'><strong>mus</strong></span> <span class='ocrx_word' id='word_1_10' title='bbox 425 454 523 493; x_wconf 92' lang='lat' dir='ltr'><strong>nos</strong></span> <span class='ocrx_word' id='word_1_11' title='bbox 572 438 629 492; x_wconf 91' lang='lat' dir='ltr'><strong>in</strong></span> <span class='ocrx_word' id='word_1_12' title='bbox 678 437 855 491; x_wconf 88' lang='lat' dir='ltr'><strong>medio</strong></span> <span class='ocrx_word' id='word_1_13' title='bbox 904 437 1250 505; x_wconf 83' lang='lat' dir='ltr'><strong>lautitiarum,</strong></span> <span class='ocrx_word' id='word_1_14' title='bbox 1308 436 1452 506; x_wconf 88' lang='lat' dir='ltr'><strong>quod</strong></span> <span class='ocrx_word' id='word_1_15' title='bbox 1498 438 1665 506; x_wconf 80' lang='lat' dir='ltr'><strong>aiunt,</strong></span> <span class='ocrx_word' id='word_1_16' title='bbox 1730 439 1868 492; x_wconf 87' lang='lat' dir='ltr'><strong>clivo</strong></span> <span class='ocrx_word' id='word_1_17' title='bbox 1916 438 2067 493; x_wconf 88' lang='lat' dir='ltr'><strong>labo-</strong></span> <span class='ocrx_word' id='word_1_18' title='bbox 2103 396 2189 496; x_wconf 44' lang='lat' dir='ltr'><strong>Hp·</strong></span> <span class='ocrx_word' id='word_1_19' title='bbox 2213 382 2267 424; x_wconf 71' lang='lat'><strong>32</strong></span> 
     </span>
    </p>
   </div>
   <div class='ocr_carea' id='block_1_4' title="bbox 184 528 2079 2361">
    <p class='ocr_par' dir='ltr' id='par_1_4' title="bbox 184 528 2079 2361">
     <span class='ocr_line' id='line_1_4' title="bbox 265 528 2070 601; baseline 0.001 -16"><span class='ocrx_word' id='word_1_20' title='bbox 265 548 405 586; x_wconf 89' lang='lat' dir='ltr'><strong>rare.</strong></span> <span class='ocrx_word' id='word_1_21' title='bbox 485 548 611 585; x_wconf 90' lang='lat' dir='ltr'><strong>nam</strong></span> <span class='ocrx_word' id='word_1_22' title='bbox 669 547 788 584; x_wconf 88' lang='lat' dir='ltr'><strong>cum</strong></span> <span class='ocrx_word' id='word_1_23' title='bbox 844 528 1117 584; x_wconf 87' lang='lat' dir='ltr'><strong>mundatis</strong></span> <span class='ocrx_word' id='word_1_24' title='bbox 1172 528 1246 583; x_wconf 87' lang='lat' dir='ltr'><strong>ad</strong></span> <span class='ocrx_word' id='word_1_25' title='bbox 1300 530 1674 601; x_wconf 79' lang='lat' dir='ltr'><strong>symphoniam</strong></span> <span class='ocrx_word' id='word_1_26' title='bbox 1723 531 1923 585; x_wconf 80' lang='lat' dir='ltr'><strong>mensis</strong></span> <span class='ocrx_word' id='word_1_27' title='bbox 1963 537 2070 586; x_wconf 82' lang='lat' dir='ltr'><strong>tres</strong></span> 
     </span>
     <span class='ocr_line' id='line_1_5' title="bbox 266 621 2071 693; baseline -0.001 -14"><span class='ocrx_word' id='word_1_28' title='bbox 266 624 380 679; x_wconf 88' lang='lat' dir='ltr'><strong>albi</strong></span> <span class='ocrx_word' id='word_1_29' title='bbox 416 638 541 678; x_wconf 91' lang='lat' dir='ltr'><strong>sues</strong></span> <span class='ocrx_word' id='word_1_30' title='bbox 578 623 634 676; x_wconf 91' lang='lat' dir='ltr'><strong>in</strong></span> <span class='ocrx_word' id='word_1_31' title='bbox 671 622 961 691; x_wconf 42' lang='lat' dir='ltr'><strong>tric—linium</strong></span> <span class='ocrx_word' id='word_1_32' title='bbox 1012 621 1234 677; x_wconf 88' lang='lat' dir='ltr'><strong>adducti</strong></span> <span class='ocrx_word' id='word_1_33' title='bbox 1270 627 1396 677; x_wconf 90' lang='lat' dir='ltr'><strong>sunt</strong></span> <span class='ocrx_word' id='word_1_34' title='bbox 1432 623 1681 693; x_wconf 88' lang='lat' dir='ltr'><strong>capistris</strong></span> <span class='ocrx_word' id='word_1_35' title='bbox 1720 629 1773 678; x_wconf 92' lang='lat' dir='ltr'><strong>et</strong></span> <span class='ocrx_word' id='word_1_36' title='bbox 1810 624 2071 678; x_wconf 89' lang='lat' dir='ltr'><strong>tintinna-</strong></span> 
     </span>
     <span class='ocr_line' id='line_1_6' title="bbox 263 714 2071 784; baseline -0.001 -12"><span class='ocrx_word' id='word_1_37' title='bbox 263 717 407 772; x_wconf 91' lang='lat' dir='ltr'><strong>bulis</strong></span> <span class='ocrx_word' id='word_1_38' title='bbox 447 717 593 783; x_wconf 86' lang='lat' dir='ltr'><strong>culti,</strong></span> <span class='ocrx_word' id='word_1_39' title='bbox 637 732 861 784; x_wconf 89' lang='lat' dir='ltr'><strong>quorum</strong></span> <span class='ocrx_word' id='word_1_40' title='bbox 899 732 1063 769; x_wconf 91' lang='lat' dir='ltr'><strong>unum</strong></span> <span class='ocrx_word' id='word_1_41' title='bbox 1099 714 1304 770; x_wconf 93' lang='lat' dir='ltr'><strong>bimum</strong></span> <span class='ocrx_word' id='word_1_42' title='bbox 1328 716 1732 771; x_wconf 80' lang='lat' dir='ltr'><strong>nomenculator</strong></span> <span class='ocrx_word' id='word_1_43' title='bbox 1769 732 1888 770; x_wconf 90' lang='lat' dir='ltr'><strong>esse</strong></span> <span class='ocrx_word' id='word_1_44' title='bbox 1927 716 2071 771; x_wconf 87' lang='lat' dir='ltr'><strong>dice-</strong></span> 
     </span>
     <span class='ocr_line' id='line_1_7' title="bbox 208 808 2070 878; baseline 0.002 -18"><span class='ocrx_word' id='word_1_45' title='bbox 208 821 236 860; x_wconf 87' lang='lat'>5</span> <span class='ocrx_word' id='word_1_46' title='bbox 265 810 374 878; x_wconf 87' lang='lat' dir='ltr'><strong>bat,</strong></span> <span class='ocrx_word' id='word_1_47' title='bbox 427 809 653 863; x_wconf 88' lang='lat' dir='ltr'><strong>alterum</strong></span> <span class='ocrx_word' id='word_1_48' title='bbox 702 808 934 877; x_wconf 80' lang='lat' dir='ltr'><strong>trimum,</strong></span> <span class='ocrx_word' id='word_1_49' title='bbox 997 809 1214 862; x_wconf 89' lang='lat' dir='ltr'><strong>tertium</strong></span> <span class='ocrx_word' id='word_1_50' title='bbox 1250 825 1379 863; x_wconf 89' lang='lat' dir='ltr'><strong>vero</strong></span> <span class='ocrx_word' id='word_1_51' title='bbox 1434 808 1542 862; x_wconf 91' lang='lat' dir='ltr'><strong>iam</strong></span> <span class='ocrx_word' id='word_1_52' title='bbox 1598 825 1905 877; x_wconf 82' lang='lat' dir='ltr'><strong>sexennem,</strong></span> <span class='ocrx_word' id='word_1_53' title='bbox 1970 826 2070 878; x_wconf 83' lang='lat' dir='ltr'><strong>ego</strong></span> 
     </span>
     <span class='ocr_line' id='line_1_8' title="bbox 263 895 2073 973; baseline -0.002 -16"><span class='ocrx_word' id='word_1_54' title='bbox 263 903 521 973; x_wconf 88' lang='lat' dir='ltr'><strong>putabam</strong></span> <span class='ocrx_word' id='word_1_55' title='bbox 559 895 965 970; x_wconf 83' lang='lat' dir='ltr'><strong>petauristarios</strong></span> <span class='ocrx_word' id='word_1_56' title='bbox 999 901 1231 956; x_wconf 87' lang='lat' dir='ltr'><strong>intrasse</strong></span> <span class='ocrx_word' id='word_1_57' title='bbox 1269 907 1322 956; x_wconf 88' lang='lat' dir='ltr'><strong>et</strong></span> <span class='ocrx_word' id='word_1_58' title='bbox 1357 918 1559 972; x_wconf 81' lang='lat' dir='ltr'><strong>porcos,</strong></span> <span class='ocrx_word' id='word_1_59' title='bbox 1606 902 1742 955; x_wconf 84' lang='lat' dir='ltr'><strong>sicut</strong></span> <span class='ocrx_word' id='word_1_60' title='bbox 1777 903 1834 955; x_wconf 91' lang='lat' dir='ltr'><strong>in</strong></span> <span class='ocrx_word' id='word_1_61' title='bbox 1860 901 2073 956; x_wconf 87' lang='lat' dir='ltr'><strong>circulis</strong></span> 
     </span>
     <span class='ocr_line' id='line_1_9' title="bbox 264 993 2074 1064; baseline -0.001 -15"><span class='ocrx_word' id='word_1_62' title='bbox 264 1011 381 1050; x_wconf 91' lang='lat' dir='ltr'><strong>mos</strong></span> <span class='ocrx_word' id='word_1_63' title='bbox 435 999 534 1063; x_wconf 88' lang='lat' dir='ltr'><strong>est,</strong></span> <span class='ocrx_word' id='word_1_64' title='bbox 589 998 835 1064; x_wconf 85' lang='lat' dir='ltr'><strong>portenta</strong></span> <span class='ocrx_word' id='word_1_65' title='bbox 888 994 1074 1062; x_wconf 90' lang='lat' dir='ltr'><strong>aliqua</strong></span> <span class='ocrx_word' id='word_1_66' title='bbox 1128 993 1393 1060; x_wconf 80' lang='lat' dir='ltr'><strong>facturos3</strong></span> <span class='ocrx_word' id='word_1_67' title='bbox 1456 995 1554 1048; x_wconf 84' lang='lat' dir='ltr'><strong>sed</strong></span> <span class='ocrx_word' id='word_1_68' title='bbox 1591 995 1915 1048; x_wconf 80' lang='lat' dir='ltr'><strong>Trimalchio</strong></span> <span class='ocrx_word' id='word_1_69' title='bbox 1973 1012 2074 1048; x_wconf 91' lang='lat' dir='ltr'><strong>ex-</strong></span> 
     </span>
     <span class='ocr_line' id='line_1_10' title="bbox 266 1080 2073 1160; baseline -0.001 -17"><span class='ocrx_word' id='word_1_70' title='bbox 266 1087 571 1160; x_wconf 87' lang='lat' dir='ltr'><strong>pectatione</strong></span> <span class='ocrx_word' id='word_1_71' title='bbox 610 1087 858 1141; x_wconf 88' lang='lat' dir='ltr'><strong>discussa</strong></span> <span class='ocrx_word' id='word_1_72' title='bbox 889 1080 1087 1156; x_wconf 80' lang='lat' dir='ltr'><strong>‘quem&#39;</strong></span> <span class='ocrx_word' id='word_1_73' title='bbox 1122 1087 1296 1155; x_wconf 91' lang='lat' dir='ltr'><strong>inquit</strong></span> <span class='ocrx_word' id='word_1_74' title='bbox 1327 1082 1420 1141; x_wconf 78' lang='lat' dir='ltr'><strong>‘ex</strong></span> <span class='ocrx_word' id='word_1_75' title='bbox 1471 1088 1550 1142; x_wconf 89' lang='lat' dir='ltr'><strong>eis</strong></span> <span class='ocrx_word' id='word_1_76' title='bbox 1588 1088 1752 1141; x_wconf 87' lang='lat' dir='ltr'><strong>vultis</strong></span> <span class='ocrx_word' id='word_1_77' title='bbox 1790 1088 1847 1141; x_wconf 91' lang='lat' dir='ltr'><strong>in</strong></span> <span class='ocrx_word' id='word_1_78' title='bbox 1885 1104 2073 1141; x_wconf 85' lang='lat' dir='ltr'><strong>cenam</strong></span> 
     </span>
     <span class='ocr_line' id='line_1_11' title="bbox 267 1165 2076 1250; baseline -0.001 -14"><span class='ocrx_word' id='word_1_79' title='bbox 267 1181 449 1236; x_wconf 88' lang='lat' dir='ltr'><strong>statim</strong></span> <span class='ocrx_word' id='word_1_80' title='bbox 496 1180 648 1235; x_wconf 64' lang='lat' dir='ltr'><strong>fieri?</strong></span> <span class='ocrx_word' id='word_1_81' title='bbox 719 1179 925 1249; x_wconf 87' lang='lat' dir='ltr'><strong>gallum</strong></span> <span class='ocrx_word' id='word_1_82' title='bbox 981 1179 1125 1234; x_wconf 91' lang='lat' dir='ltr'><strong>enim</strong></span> <span class='ocrx_word' id='word_1_83' title='bbox 1184 1180 1573 1249; x_wconf 76' lang='lat' dir='ltr'><strong>gallinaceum,</strong></span> <span class='ocrx_word' id='word_1_84' title='bbox 1627 1165 1970 1250; x_wconf 80' lang='lat' dir='ltr'><strong>penthiacum</strong></span> <span class='ocrx_word' id='word_1_85' title='bbox 2021 1186 2076 1234; x_wconf 91' lang='lat' dir='ltr'><strong>et</strong></span> 
     </span>
     <span class='ocr_line' id='line_1_12' title="bbox 185 1256 2071 1329; baseline 0.001 -4"><span class='ocrx_word' id='word_1_86' title='bbox 185 1284 239 1325; x_wconf 88' lang='lat'><strong>10</strong></span> <span class='ocrx_word' id='word_1_87' title='bbox 272 1273 538 1329; x_wconf 89' lang='lat' dir='ltr'><strong>eiusmodi</strong></span> <span class='ocrx_word' id='word_1_88' title='bbox 587 1272 777 1327; x_wconf 88' lang='lat' dir='ltr'><strong>nenias</strong></span> <span class='ocrx_word' id='word_1_89' title='bbox 823 1271 1009 1326; x_wconf 88' lang='lat' dir='ltr'><strong>rustici</strong></span> <span class='ocrx_word' id='word_1_90' title='bbox 1056 1272 1286 1327; x_wconf 89' lang='lat' dir='ltr'><strong>faciunt:</strong></span> <span class='ocrx_word' id='word_1_91' title='bbox 1350 1273 1458 1326; x_wconf 92' lang='lat' dir='ltr'><strong>mei</strong></span> <span class='ocrx_word' id='word_1_92' title='bbox 1505 1273 1616 1326; x_wconf 89' lang='lat' dir='ltr'><strong>coci</strong></span> <span class='ocrx_word' id='word_1_93' title='bbox 1666 1256 1826 1326; x_wconf 86' lang='lat' dir='ltr'><strong>etiam</strong></span> <span class='ocrx_word' id='word_1_94' title='bbox 1876 1273 2071 1327; x_wconf 88' lang='lat' dir='ltr'><strong>vitulos</strong></span> 
     </span>
     <span class='ocr_line' id='line_1_13' title="bbox 267 1359 2075 1433; baseline -0.002 -12"><span class='ocrx_word' id='word_1_95' title='bbox 267 1384 404 1422; x_wconf 89' lang='lat' dir='ltr'><strong>aeno</strong></span> <span class='ocrx_word' id='word_1_96' title='bbox 458 1371 631 1421; x_wconf 85' lang='lat' dir='ltr'><strong>coctos</strong></span> <span class='ocrx_word' id='word_1_97' title='bbox 688 1366 866 1420; x_wconf 88' lang='lat' dir='ltr'><strong>solent</strong></span> <span class='ocrx_word' id='word_1_98' title='bbox 920 1359 1133 1419; x_wconf 82' lang='lat' dir='ltr'><strong>faeere².</strong></span> <span class='ocrx_word' id='word_1_99' title='bbox 1243 1365 1599 1433; x_wconf 86' lang='lat' dir='ltr'><strong>continuoque</strong></span> <span class='ocrx_word' id='word_1_100' title='bbox 1655 1381 1839 1418; x_wconf 91' lang='lat' dir='ltr'><strong>cocum</strong></span> <span class='ocrx_word' id='word_1_101' title='bbox 1895 1366 2075 1419; x_wconf 89' lang='lat' dir='ltr'><strong>vocari</strong></span> 
     </span>
     <span class='ocr_line' id='line_1_14' title="bbox 266 1457 2075 1533; baseline -0.002 -20"><span class='ocrx_word' id='word_1_102' title='bbox 266 1459 440 1528; x_wconf 82' lang='lat' dir='ltr'><strong>iussit,</strong></span> <span class='ocrx_word' id='word_1_103' title='bbox 498 1464 552 1513; x_wconf 92' lang='lat' dir='ltr'><strong>et</strong></span> <span class='ocrx_word' id='word_1_104' title='bbox 596 1461 701 1513; x_wconf 87' lang='lat' dir='ltr'><strong>non</strong></span> <span class='ocrx_word' id='word_1_105' title='bbox 741 1462 1027 1533; x_wconf 88' lang='lat' dir='ltr'><strong>expectata</strong></span> <span class='ocrx_word' id='word_1_106' title='bbox 1072 1458 1332 1512; x_wconf 89' lang='lat' dir='ltr'><strong>electione</strong></span> <span class='ocrx_word' id='word_1_107' title='bbox 1380 1462 1561 1512; x_wconf 89' lang='lat' dir='ltr'><strong>nostra</strong></span> <span class='ocrx_word' id='word_1_108' title='bbox 1603 1457 1895 1511; x_wconf 88' lang='lat' dir='ltr'><strong>maximum</strong></span> <span class='ocrx_word' id='word_1_109' title='bbox 1943 1464 2075 1512; x_wconf 90' lang='lat' dir='ltr'><strong>natu</strong></span> 
     </span>
     <span class='ocr_line' id='line_1_15' title="bbox 266 1544 2075 1620; baseline -0.001 -15"><span class='ocrx_word' id='word_1_110' title='bbox 266 1552 424 1606; x_wconf 88' lang='lat' dir='ltr'><strong>iussit</strong></span> <span class='ocrx_word' id='word_1_111' title='bbox 462 1550 650 1620; x_wconf 83' lang='lat' dir='ltr'><strong>occidi,</strong></span> <span class='ocrx_word' id='word_1_112' title='bbox 705 1557 758 1605; x_wconf 91' lang='lat' dir='ltr'><strong>et</strong></span> <span class='ocrx_word' id='word_1_113' title='bbox 796 1550 943 1604; x_wconf 87' lang='lat' dir='ltr'><strong>clara</strong></span> <span class='ocrx_word' id='word_1_114' title='bbox 989 1566 1146 1604; x_wconf 88' lang='lat' dir='ltr'><strong>voce:</strong></span> <span class='ocrx_word' id='word_1_115' title='bbox 1195 1544 1286 1604; x_wconf 78' lang='lat' dir='ltr'><strong>‘ex</strong></span> <span class='ocrx_word' id='word_1_116' title='bbox 1319 1555 1498 1619; x_wconf 89' lang='lat' dir='ltr'><strong>-quota</strong></span> <span class='ocrx_word' id='word_1_117' title='bbox 1535 1549 1754 1604; x_wconf 89' lang='lat' dir='ltr'><strong>decuria</strong></span> <span class='ocrx_word' id='word_1_118' title='bbox 1791 1545 1899 1604; x_wconf 64' lang='lat' dir='ltr'><strong>es?²</strong></span> <span class='ocrx_word' id='word_1_119' title='bbox 1955 1567 2075 1604; x_wconf 91' lang='lat' dir='ltr'><strong>cum</strong></span> 
     </span>
     <span class='ocr_line' id='line_1_16' title="bbox 268 1637 2078 1714; baseline -0.001 -17"><span class='ocrx_word' id='word_1_120' title='bbox 268 1644 363 1698; x_wconf 93' lang='lat' dir='ltr'><strong>ille</strong></span> <span class='ocrx_word' id='word_1_121' title='bbox 401 1660 460 1698; x_wconf 92' lang='lat' dir='ltr'><strong>se</strong></span> <span class='ocrx_word' id='word_1_122' title='bbox 499 1661 567 1697; x_wconf 92' lang='lat' dir='ltr'><strong>ex</strong></span> <span class='ocrx_word' id='word_1_123' title='bbox 591 1643 1418 1714; x_wconf 61' lang='lat' dir='ltr'><strong>quadragesima,respondisset,</strong></span> <span class='ocrx_word' id='word_1_124' title='bbox 1446 1637 1752 1711; x_wconf 82' lang='lat' dir='ltr'><strong>‘empticius</strong></span> <span class='ocrx_word' id='word_1_125' title='bbox 1778 1637 1861 1697; x_wconf 78' lang='lat' dir='ltr'><strong>an’</strong></span> <span class='ocrx_word' id='word_1_126' title='bbox 1904 1644 2078 1711; x_wconf 90' lang='lat' dir='ltr'><strong>inquit</strong></span> 
     </span>
     <span class='ocr_line' id='line_1_17' title="bbox 187 1730 2076 1806; baseline -0.003 -11"><span class='ocrx_word' id='word_1_127' title='bbox 187 1754 239 1795; x_wconf 87' lang='lat'><strong>15</strong></span> <span class='ocrx_word' id='word_1_128' title='bbox 259 1733 271 1754; x_wconf 66' lang='lat'><em>⁶</em></span> <span class='ocrx_word' id='word_1_129' title='bbox 288 1736 433 1791; x_wconf 88' lang='lat' dir='ltr'><strong>domi</strong></span> <span class='ocrx_word' id='word_1_130' title='bbox 458 1742 616 1790; x_wconf 89' lang='lat' dir='ltr'><strong>natus</strong></span> <span class='ocrx_word' id='word_1_131' title='bbox 625 1731 665 1788; x_wconf 68' lang='lat'><strong>‘2³</strong></span> <span class='ocrx_word' id='word_1_132' title='bbox 694 1730 983 1791; x_wconf 79' lang='lat' dir='ltr'><strong>‘neutrum&#39;</strong></span> <span class='ocrx_word' id='word_1_133' title='bbox 1007 1736 1177 1806; x_wconf 89' lang='lat' dir='ltr'><strong>inquit</strong></span> <span class='ocrx_word' id='word_1_134' title='bbox 1202 1753 1359 1791; x_wconf 86' lang='lat' dir='ltr'><strong>cocus</strong></span> <span class='ocrx_word' id='word_1_135' title='bbox 1380 1730 1502 1790; x_wconf 82' lang='lat' dir='ltr'><strong>‘sed</strong></span> <span class='ocrx_word' id='word_1_136' title='bbox 1526 1740 1846 1790; x_wconf 89' lang='lat' dir='ltr'><strong>testamento</strong></span> <span class='ocrx_word' id='word_1_137' title='bbox 1866 1738 2076 1791; x_wconf 85' lang='lat' dir='ltr'><strong>Pansae</strong></span> 
     </span>
     <span class='ocr_line' id='line_1_18' title="bbox 270 1822 2068 1899; baseline -0.001 -15"><span class='ocrx_word' id='word_1_138' title='bbox 270 1829 371 1884; x_wconf 91' lang='lat' dir='ltr'><strong>tibi</strong></span> <span class='ocrx_word' id='word_1_139' title='bbox 416 1829 636 1884; x_wconf 89' lang='lat' dir='ltr'><strong>relictus</strong></span> <span class='ocrx_word' id='word_1_140' title='bbox 684 1823 838 1882; x_wconf 80' lang='lat' dir='ltr'><strong>sum².</strong></span> <span class='ocrx_word' id='word_1_141' title='bbox 923 1822 1067 1883; x_wconf 80' lang='lat' dir='ltr'><strong>‘vide</strong></span> <span class='ocrx_word' id='word_1_142' title='bbox 1118 1825 1268 1898; x_wconf 81' lang='lat' dir='ltr'><strong>ergo²</strong></span> <span class='ocrx_word' id='word_1_143' title='bbox 1302 1829 1380 1884; x_wconf 86' lang='lat' dir='ltr'><strong>ait</strong></span> <span class='ocrx_word' id='word_1_144' title='bbox 1406 1825 1492 1883; x_wconf 82' lang='lat' dir='ltr'><strong>‘ut</strong></span> <span class='ocrx_word' id='word_1_145' title='bbox 1535 1828 1824 1898; x_wconf 87' lang='lat' dir='ltr'><strong>diligenter</strong></span> <span class='ocrx_word' id='word_1_146' title='bbox 1871 1845 2068 1899; x_wconf 81' lang='lat' dir='ltr'><strong>ponas3</strong></span> 
     </span>
     <span class='ocr_line' id='line_1_19' title="bbox 274 1918 2075 1991; baseline -0.001 -16"><span class='ocrx_word' id='word_1_147' title='bbox 274 1922 322 1975; x_wconf 90' lang='lat' dir='ltr'><strong>si</strong></span> <span class='ocrx_word' id='word_1_148' title='bbox 359 1939 482 1991; x_wconf 83' lang='lat' dir='ltr'><strong>non,</strong></span> <span class='ocrx_word' id='word_1_149' title='bbox 526 1927 579 1976; x_wconf 92' lang='lat' dir='ltr'><strong>te</strong></span> <span class='ocrx_word' id='word_1_150' title='bbox 617 1923 812 1977; x_wconf 88' lang='lat' dir='ltr'><strong>iubebo</strong></span> <span class='ocrx_word' id='word_1_151' title='bbox 848 1922 908 1975; x_wconf 91' lang='lat' dir='ltr'><strong>in</strong></span> <span class='ocrx_word' id='word_1_152' title='bbox 946 1921 1219 1976; x_wconf 86' lang='lat' dir='ltr'><strong>decuriam</strong></span> <span class='ocrx_word' id='word_1_153' title='bbox 1244 1923 1512 1976; x_wconf 90' lang='lat' dir='ltr'><strong>viatorum</strong></span> <span class='ocrx_word' id='word_1_154' title='bbox 1550 1918 1752 1975; x_wconf 89' lang='lat' dir='ltr'><strong>conici&#39;.</strong></span> <span class='ocrx_word' id='word_1_155' title='bbox 1803 1927 1856 1975; x_wconf 92' lang='lat' dir='ltr'><strong>et</strong></span> <span class='ocrx_word' id='word_1_156' title='bbox 1894 1938 2075 1976; x_wconf 90' lang='lat' dir='ltr'><strong>cocum</strong></span> 
     </span>
     <span class='ocr_line' id='line_1_20' title="bbox 185 2013 2068 2085; baseline 0 -17"><span class='ocrx_word' id='word_1_157' title='bbox 185 2026 254 2078; x_wconf 84' lang='lat'><strong>48</strong></span> <span class='ocrx_word' id='word_1_158' title='bbox 273 2015 490 2083; x_wconf 88' lang='lat' dir='ltr'><strong>quidem</strong></span> <span class='ocrx_word' id='word_1_159' title='bbox 528 2015 799 2085; x_wconf 90' lang='lat' dir='ltr'><strong>potentiae</strong></span> <span class='ocrx_word' id='word_1_160' title='bbox 838 2014 1170 2069; x_wconf 90' lang='lat' dir='ltr'><strong>admonitum</strong></span> <span class='ocrx_word' id='word_1_161' title='bbox 1218 2014 1275 2068; x_wconf 90' lang='lat' dir='ltr'><strong>in</strong></span> <span class='ocrx_word' id='word_1_162' title='bbox 1313 2014 1544 2068; x_wconf 88' lang='lat' dir='ltr'><strong>culinam</strong></span> <span class='ocrx_word' id='word_1_163' title='bbox 1582 2015 1860 2068; x_wconf 90' lang='lat' dir='ltr'><strong>obsonium</strong></span> <span class='ocrx_word' id='word_1_164' title='bbox 1899 2013 2068 2080; x_wconf 85' lang='lat' dir='ltr'><strong>duxit,</strong></span> 
     </span>
     <span class='ocr_line' id='line_1_21' title="bbox 270 2100 2071 2176; baseline -0.001 -16"><span class='ocrx_word' id='word_1_165' title='bbox 270 2106 596 2162; x_wconf 86' lang='lat' dir='ltr'><strong>Trimalchio</strong></span> <span class='ocrx_word' id='word_1_166' title='bbox 633 2113 813 2162; x_wconf 88' lang='lat' dir='ltr'><strong>autem</strong></span> <span class='ocrx_word' id='word_1_167' title='bbox 856 2106 973 2161; x_wconf 91' lang='lat' dir='ltr'><strong>miti</strong></span> <span class='ocrx_word' id='word_1_168' title='bbox 1018 2106 1091 2160; x_wconf 85' lang='lat' dir='ltr'><strong>ad</strong></span> <span class='ocrx_word' id='word_1_169' title='bbox 1139 2122 1237 2160; x_wconf 90' lang='lat' dir='ltr'><strong>nos</strong></span> <span class='ocrx_word' id='word_1_170' title='bbox 1282 2107 1433 2160; x_wconf 88' lang='lat' dir='ltr'><strong>vultu</strong></span> <span class='ocrx_word' id='word_1_171' title='bbox 1478 2106 1716 2176; x_wconf 84' lang='lat' dir='ltr'><strong>respexit</strong></span> <span class='ocrx_word' id='word_1_172' title='bbox 1764 2112 1817 2160; x_wconf 87' lang='lat' dir='ltr'><strong>et</strong></span> <span class='ocrx_word' id='word_1_173' title='bbox 1851 2100 2071 2161; x_wconf 79' lang='lat' dir='ltr'><strong>‘vinum&#39;</strong></span> 
     </span>
     <span class='ocr_line' id='line_1_22' title="bbox 184 2194 2077 2270; baseline 0 -18"><span class='ocrx_word' id='word_1_174' title='bbox 184 2211 240 2252; x_wconf 86' lang='lat'><strong>20</strong></span> <span class='ocrx_word' id='word_1_175' title='bbox 269 2199 442 2268; x_wconf 91' lang='lat' dir='ltr'><strong>inquit</strong></span> <span class='ocrx_word' id='word_1_176' title='bbox 485 2194 552 2254; x_wconf 86' lang='lat' dir='ltr'><strong>‘si</strong></span> <span class='ocrx_word' id='word_1_177' title='bbox 597 2217 704 2254; x_wconf 90' lang='lat' dir='ltr'><strong>non</strong></span> <span class='ocrx_word' id='word_1_178' title='bbox 738 2200 936 2269; x_wconf 83' lang='lat' dir='ltr'><strong>placet,</strong></span> <span class='ocrx_word' id='word_1_179' title='bbox 992 2199 1240 2265; x_wconf 87' lang='lat' dir='ltr'><strong>mutabo;</strong></span> <span class='ocrx_word' id='word_1_180' title='bbox 1293 2215 1388 2254; x_wconf 86' lang='lat' dir='ltr'><strong>vos</strong></span> <span class='ocrx_word' id='word_1_181' title='bbox 1431 2198 1568 2252; x_wconf 87' lang='lat' dir='ltr'><strong>illud</strong></span> <span class='ocrx_word' id='word_1_182' title='bbox 1618 2205 1823 2270; x_wconf 89' lang='lat' dir='ltr'><strong>oportet</strong></span> <span class='ocrx_word' id='word_1_183' title='bbox 1882 2200 2077 2253; x_wconf 90' lang='lat' dir='ltr'><strong>bonum</strong></span> 
     </span>
     <span class='ocr_line' id='line_1_23' title="bbox 269 2291 2079 2361; baseline -0.001 -15"><span class='ocrx_word' id='word_1_184' title='bbox 269 2291 502 2347; x_wconf 87' lang='lat' dir='ltr'><strong>faciatis.</strong></span> <span class='ocrx_word' id='word_1_185' title='bbox 560 2292 779 2347; x_wconf 83' lang='lat' dir='ltr'><strong>deorum</strong></span> <span class='ocrx_word' id='word_1_186' title='bbox 803 2291 1060 2346; x_wconf 89' lang='lat' dir='ltr'><strong>beneficio</strong></span> <span class='ocrx_word' id='word_1_187' title='bbox 1085 2309 1190 2346; x_wconf 91' lang='lat' dir='ltr'><strong>non</strong></span> <span class='ocrx_word' id='word_1_188' title='bbox 1225 2309 1358 2360; x_wconf 81' lang='lat' dir='ltr'><strong>cmc,</strong></span> <span class='ocrx_word' id='word_1_189' title='bbox 1404 2292 1502 2346; x_wconf 83' lang='lat' dir='ltr'><strong>sed</strong></span> <span class='ocrx_word' id='word_1_190' title='bbox 1538 2308 1681 2346; x_wconf 90' lang='lat' dir='ltr'><strong>nunc</strong></span> <span class='ocrx_word' id='word_1_191' title='bbox 1717 2292 1977 2361; x_wconf 86' lang='lat' dir='ltr'><strong>quicquid</strong></span> <span class='ocrx_word' id='word_1_192' title='bbox 2006 2291 2079 2345; x_wconf 88' lang='lat' dir='ltr'><strong>ad</strong></span> 
     </span>
    </p>
   </div>
   <div class='ocr_carea' id='block_1_5' title="bbox 270 2991 618 3001">
    <p class='ocr_par' dir='ltr' id='par_1_5' title="bbox 270 2991 618 3001">
     <span class='ocr_line' id='line_1_24' title="bbox 270 2991 618 3001; baseline 0 761"><span class='ocrx_word' id='word_1_193' title='bbox 270 2991 618 3001; x_wconf 95' lang='lat' dir='ltr'><strong> </strong></span> 
     </span>
    </p>
   </div>
   <div class='ocr_carea' id='block_1_6' title="bbox 275 3135 2086 3478">
    <p class='ocr_par' dir='ltr' id='par_1_6' title="bbox 275 3135 2086 3478">
     <span class='ocr_line' id='line_1_25' title="bbox 395 3135 2080 3194; baseline 0.001 -17"><span class='ocrx_word' id='word_1_194' title='bbox 395 3136 415 3177; x_wconf 92' lang='lat'>1</span> <span class='ocrx_word' id='word_1_195' title='bbox 451 3135 579 3193; x_wconf 84' lang='lat' dir='ltr'><strong>quod</strong></span> <span class='ocrx_word' id='word_1_196' title='bbox 611 3135 832 3180; x_wconf 78' lang='lat' dir='ltr'><strong>Heinsius</strong></span> <span class='ocrx_word' id='word_1_197' title='bbox 871 3148 963 3194; x_wconf 92' lang='lat' dir='ltr'><strong>quo</strong></span> <span class='ocrx_word' id='word_1_198' title='bbox 992 3136 1055 3180; x_wconf 87' lang='lat' dir='ltr'><strong><em>H</em></strong></span> <span class='ocrx_word' id='word_1_199' title='bbox 1147 3136 1174 3178; x_wconf 85' lang='lat'>2</span> <span class='ocrx_word' id='word_1_200' title='bbox 1206 3147 1310 3180; x_wconf 91' lang='lat' dir='ltr'><strong>cum</strong></span> <span class='ocrx_word' id='word_1_201' title='bbox 1339 3136 1574 3182; x_wconf 90' lang='lat' dir='ltr'><strong>mundatis</strong></span> <span class='ocrx_word' id='word_1_202' title='bbox 1605 3138 1667 3180; x_wconf 88' lang='grc' dir='ltr'><em>Η</em></span> <span class='ocrx_word' id='word_1_203' title='bbox 1689 3135 1914 3180; x_wconf 67' lang='grc' dir='ltr'><strong>Βᾶοήεῑεν</strong></span> <span class='ocrx_word' id='word_1_204' title='bbox 1951 3147 2080 3180; x_wconf 92' lang='lat' dir='ltr'><strong>com-</strong></span> 
     </span>
     <span class='ocr_line' id='line_1_26' title="bbox 275 3202 2079 3264; baseline 0.001 -15"><span class='ocrx_word' id='word_1_205' title='bbox 275 3205 512 3252; x_wconf 84' lang='lat' dir='ltr'><strong>mundatis</strong></span> <span class='ocrx_word' id='word_1_206' title='bbox 542 3205 763 3252; x_wconf 76' lang='lat' dir='ltr'><strong>Heinsius</strong></span> <span class='ocrx_word' id='word_1_207' title='bbox 868 3209 894 3249; x_wconf 82' lang='grc'><strong>5</strong></span> <span class='ocrx_word' id='word_1_208' title='bbox 925 3217 1178 3252; x_wconf 84' lang='lat' dir='ltr'><strong>sexennem</strong></span> <span class='ocrx_word' id='word_1_209' title='bbox 1218 3207 1367 3252; x_wconf 76' lang='lat' dir='ltr'><strong>Wehle</strong></span> <span class='ocrx_word' id='word_1_210' title='bbox 1387 3223 1442 3264; x_wconf 80' lang='lat' dir='ltr'><strong>p.</strong></span> <span class='ocrx_word' id='word_1_211' title='bbox 1467 3213 1519 3252; x_wconf 75' lang='lat'><strong>21</strong></span> <span class='ocrx_word' id='word_1_212' title='bbox 1544 3219 1723 3253; x_wconf 74' lang='lat' dir='ltr'><strong>vsenem</strong></span> <span class='ocrx_word' id='word_1_213' title='bbox 1754 3208 1815 3252; x_wconf 86' lang='lat' dir='ltr'><em>H</em></span> <span class='ocrx_word' id='word_1_214' title='bbox 1915 3207 1967 3248; x_wconf 88' lang='lat'><strong>13</strong></span> <span class='ocrx_word' id='word_1_215' title='bbox 1991 3202 2079 3250; x_wconf 76' lang='lat' dir='ltr'><strong>‘ait</strong></span> 
     </span>
     <span class='ocr_line' id='line_1_27' title="bbox 276 3273 2086 3337; baseline 0 -17"><span class='ocrx_word' id='word_1_216' title='bbox 276 3280 356 3320; x_wconf 77' lang='lat' dir='ltr'><strong>aut</strong></span> <span class='ocrx_word' id='word_1_217' title='bbox 384 3277 538 3335; x_wconf 89' lang='lat' dir='ltr'><strong>inquit</strong></span> <span class='ocrx_word' id='word_1_218' title='bbox 571 3282 673 3335; x_wconf 73' lang='lat' dir='ltr'><strong>post</strong></span> <span class='ocrx_word' id='word_1_219' title='bbox 708 3282 854 3337; x_wconf 89' lang='lat' dir='ltr'><strong>quota</strong></span> <span class='ocrx_word' id='word_1_220' title='bbox 892 3273 1180 3322; x_wconf 75' lang='lat' dir='ltr'><strong>adiciendum’</strong></span> <span class='ocrx_word' id='word_1_221' title='bbox 1216 3278 1456 3323; x_wconf 62' lang='lat' dir='ltr'><strong>Baehecerss</strong></span> <span class='ocrx_word' id='word_1_222' title='bbox 1698 3279 1749 3322; x_wconf 91' lang='lat'><strong>15</strong></span> <span class='ocrx_word' id='word_1_223' title='bbox 1778 3281 1917 3326; x_wconf 88' lang='lat' dir='ltr'><strong>natus</strong></span> <span class='ocrx_word' id='word_1_224' title='bbox 1946 3289 1995 3333; x_wconf 74' lang='lat' dir='ltr'><strong>es</strong></span> <span class='ocrx_word' id='word_1_225' title='bbox 2025 3277 2086 3320; x_wconf 87' lang='lat' dir='ltr'><em>H</em></span> 
     </span>
     <span class='ocr_line' id='line_1_28' title="bbox 281 3347 2078 3407; baseline 0.002 -18"><span class='ocrx_word' id='word_1_226' title='bbox 281 3348 335 3389; x_wconf 85' lang='lat'><strong>17</strong></span> <span class='ocrx_word' id='word_1_227' title='bbox 367 3359 525 3392; x_wconf 89' lang='lat' dir='ltr'><strong>cocum</strong></span> <span class='ocrx_word' id='word_1_228' title='bbox 556 3348 744 3405; x_wconf 87' lang='lat' dir='ltr'><strong>quidem</strong></span> <span class='ocrx_word' id='word_1_229' title='bbox 772 3349 995 3394; x_wconf 72' lang='lat' dir='ltr'><strong>Biicheler</strong></span> <span class='ocrx_word' id='word_1_230' title='bbox 1034 3349 1222 3407; x_wconf 90' lang='lat' dir='ltr'><strong>quidem</strong></span> <span class='ocrx_word' id='word_1_231' title='bbox 1253 3361 1415 3395; x_wconf 87' lang='lat' dir='ltr'><strong>cocum</strong></span> <span class='ocrx_word' id='word_1_232' title='bbox 1447 3351 1508 3394; x_wconf 83' lang='lat' dir='ltr'><em>H</em></span> <span class='ocrx_word' id='word_1_233' title='bbox 1753 3350 1803 3392; x_wconf 88' lang='lat'><strong>18</strong></span> <span class='ocrx_word' id='word_1_234' title='bbox 1834 3347 2078 3405; x_wconf 84' lang='lat' dir='ltr'><strong>potentiae</strong></span> 
     </span>
     <span class='ocr_line' id='line_1_29' title="bbox 276 3417 819 3478; baseline 0.009 -17"><span class='ocrx_word' id='word_1_235' title='bbox 276 3417 479 3478; x_wconf 75' lang='lat' dir='ltr'><strong>Scheffer</strong></span> <span class='ocrx_word' id='word_1_236' title='bbox 517 3420 729 3476; x_wconf 82' lang='lat' dir='ltr'><strong>potentia</strong></span> <span class='ocrx_word' id='word_1_237' title='bbox 758 3421 819 3465; x_wconf 85' lang='lat' dir='ltr'><em>H</em></span> 
     </span>
    </p>
   </div>
  </div>
 </body>
</html>
