2418 3762
289 304 388 355 105
920 297 1046 342 Cena
1076 296 1450 341 Trimalchionis.
2113 326 2298 369 Biichele
2326 336 2339 352 ν

2160 396 2204 436 p.
2227 382 2281 424 28

284 443 449 496 durae
487 443 687 495 buccae
727 440 845 503 fuit,
890 439 1184 507 linguosus,
1231 438 1517 506 discordia,
1560 456 1665 493 non
1692 438 1865 493 homo.
1920 438 2083 492 frater
2111 453 2170 495 H

283 535 398 589 eius
435 534 586 589 fortis
625 533 741 601 fuit,
788 533 992 586 amicus
1030 531 1218 598 amicO,
1264 548 1423 585 manu
1460 532 1640 602 plena,
1685 537 1844 585 uncta
1872 547 2077 585 mensa.

282 634 334 682 et
370 628 510 681 inter
545 626 699 680 initia
737 626 935 691 malam
972 642 1186 695 parram
1225 623 1427 694 pilavit,
1472 624 1570 679 sed.
1595 624 1883 679 recorrexit
1908 629 2083 678 costas

279 721 428 774 illius
467 720 639 789 prima
676 698 968 784 vindemia3
1024 716 1268 771 vendidit
1305 712 1445 771 enini
1483 717 1683 784 vinum,
1728 716 1913 784 quanti
1962 717 2078 786 ipse

144 872 145 875 Ἴ
223 823 246 862 5
279 812 462 866 voluit.
515 818 567 865 et
590 810 733 879 quod
758 810 903 864 illius
931 814 1166 864 mentum
1192 809 1420 878 sustulit,
1464 809 1819 863 hereditatem
1846 811 2070 879 accepit,

280 922 347 957 ex
402 921 510 972 qua
565 904 688 973 plus
736 903 1015 971 involavit,
1066 920 1228 972 quam
1273 902 1354 956 illi
1403 903 1645 957 relictum
1696 906 1795 956 est.
1886 907 1940 956 et
1982 902 2077 956 ille

279 998 431 1066 stipS,
477 997 603 1050 dum
640 995 789 1063 fratri
817 1012 912 1049 suo
936 995 1199 1066 irascitur,
1243 996 1423 1050 nescio
1452 995 1535 1048 cui
1573 1001 1748 1065 terrae
1773 993 1882 1048 filio
1908 994 2077 1064 patri-

277 1089 511 1144 monium
550 1076 800 1157 ele'g‘avit.
855 1089 1015 1157 longe
1051 1088 1209 1158 fugit,
1256 1088 1499 1157 quisquis
1527 1103 1650 1142 suos
1675 1087 1832 1156 fugit.
1886 1087 2080 1141 habuit
2155 1094 2162 1101 ‘

277 1186 458 1236 autem
484 1172 790 1235 oricularios
811 1197 1014 1250 serVOS,
1046 1182 1139 1250 qui
1163 1182 1319 1235 illum
1346 1198 1563 1251 pessum
1589 1180 1864 1234 dederunt.
1900 1180 1907 1251 Ι
1941 1197 2080 1233 nun-
2111 1182 2206 1226 HL

195 1293 246 1334 10
281 1291 442 1343 quam
468 1279 647 1329 autem
672 1279 816 1329 recte
844 1274 1024 1343 faciet,
1069 1274 1161 1342 qui
1186 1274 1288 1328 cito
1322 1260 1523 1342 credit,
1547 1272 1555 1344 Ι
1588 1273 1772 1341 utique
1797 1272 1954 1327 homo
1982 1289 2080 1326 ne-
2111 1274 2172 1316 H

275 1366 506 1436 gotians.
583 1372 764 1420 tamen
800 1383 984 1421 verum
1018 1366 1162 1434 quod
1199 1366 1429 1438 frunitus
1467 1370 1566 1434 est,
1609 1381 1771 1433 quam
1812 1365 1905 1418 diu
1942 1366 2080 1419 vixit

619 1459 705 1513 cui
742 1459 925 1512 datum
964 1465 1062 1527 est,
1105 1475 1212 1513 non
1250 1459 1336 1512 cui
1362 1458 1704 1520 destinatum.
1757 1458 1922 1528 plane
1945 1458 2079 1511 For-

274 1558 436 1605 tunae
475 1550 636 1620 filius,
689 1551 746 1604 in
794 1568 954 1605 manu
1003 1551 1151 1606 illius
1188 1551 1468 1621 plumbum
1506 1567 1693 1604 aurum
1731 1549 1913 1604 fiebat.
1991 1549 2077 1604 fa-

275 1643 377 1698 cile
418 1648 498 1697 est
534 1648 730 1712 autem,
775 1644 867 1697 ubi
905 1644 1084 1703 omnia
1110 1644 1373 1713 quadrata
1397 1650 1631 1698 currunt.
1687 1649 1740 1697 et
1765 1649 1892 1711 quot
1916 1648 2077 1712 putas

193 1748 243 1788 15
275 1736 428 1789 illum
480 1752 648 1789 annos
697 1751 874 1790 secum
924 1738 1148 1791 tulisse?
1214 1737 1558 1808 septuaginta
1608 1740 1662 1789 et
1710 1752 1887 1806 supra.
1979 1735 2076 1791 sed

277 1829 555 1883 corneolus
583 1829 701 1897 fuit,
728 1823 961 1883 aetatem
984 1830 1122 1884 bene
1148 1829 1373 1900 ferebat,
1404 1829 1559 1898 niger
1583 1835 1838 1897 tanquam
1866 1845 2068 1883 corvus.
2105 1829 2331 1874 Biichelm’
2373 1844 2396 1906 ι’

271 1937 526 1976 noveram
579 1920 849 1975 hominem
904 1922 1031 1975 olim
1080 1924 1320 1977 oliorum.
1413 1927 1466 1976 et
1511 1921 1685 1975 adhuc
1733 1919 2065 1975 salax'erat.
2159 1903 2201 1942 P·
2216 1889 2273 1932 29
2363 1920 2380 1977 ἦ

268 2030 375 2067 11011
433 2012 766 2067 mehercules
826 2014 978 2067 illum
1041 2020 1169 2084 puto
1218 2016 1275 2069 in
1319 2015 1474 2069 domo
1527 2031 1713 2068 canem
1762 2014 2066 2084 reliquisse.

267 2105 427 2158 immo
477 2106 637 2159 etiam
683 2107 944 2175 pullarius
994 2112 1125 2176 erat,
1179 2107 1350 2161 omnis
1398 2107 1670 2162 minervae
1716 2106 1891 2162 1101110.
1969 2124 2070 2162 1100

183 2210 236 2251 20
268 2198 537 2266 improb03
582 2197 683 2252 1100
721 2199 893 2253 solum
933 2200 1075 2253 enim
1112 2215 1295 2254 secum
1331 2194 1488 2254 tulit².

181 2299 250 2348 44
408 2289 544 2345 haec
588 2290 829 2346 Phileros
879 2292 1030 2362 dixit,
1079 2292 1176 2346 illa
1219 2291 1588 2363 Ganymedes:
1622 2289 1878 2347 ‘narratis
1926 2293 2068 2361 quod

266 2399 365 2436 nec
402 2383 474 2437 ad.
511 2384 720 2438 caelum
757 2401 857 2438 nec
894 2384 965 2438 ad
1001 2390 1198 2440 terram
1222 2387 1470 2455 pertinet,
1517 2402 1637 2440 cum
1661 2386 1872 2440 interim
1907 2402 2065 2440 nemo

380 2783 406 2824 2
435 2794 573 2827 manu
613 2782 783 2838 plena,
826 2787 968 2829 uncta
1006 2796 1166 2828 mensa
1207 2784 1448 2829 Reinesius
1489 2785 1709 2830 Heinsius
1745 2799 1884 2830 manu
1922 2789 2064 2830 uncta

261 2852 404 2908 plena
434 2866 595 2898 mensa
624 2856 684 2898 H
906 2857 933 2898 4
963 2856 1126 2911 quanti
1158 2856 1369 2899 Bucheler
1412 2862 1637 2913 quantum
1667 2858 1729 2901 H
1769 2857 1934 2914 quanti
1962 2860 2062 2901 tum

264 2923 463 2983 Scheffer
583 2927 608 2967 9
639 2926 915 2972 oricularios
944 2925 1180 2970 Reinesius
1211 2927 1428 2972 Heinsius
1458 2929 1679 2972 Bucheler
1709 2929 1747 2971 I
1777 2928 2060 2974 oracularios

263 2995 323 3036 H
345 2995 587 3039 Buchelerss
661 2996 714 3038 12
746 2998 820 3042 cui
851 2997 1014 3043 datum
1043 3001 1128 3051 est,
1161 2997 1313 3041 datum
1343 3002 1408 3042 est
1427 2999 1646 3043 Muncker
1680 3000 1808 3043 habet
1837 2999 1953 3043 enim
1983 2999 2059 3044 cui

262 3064 422 3110 datum
453 3070 526 3112 est
554 3067 774 3112 Buckeler
803 3069 841 3111 I
944 3070 994 3110 17
1026 3067 1137 3113 olim
1168 3068 1365 3114 oliorum
1397 3071 1458 3113 H
1488 3070 1597 3115 olim
1627 3070 1870 3115 olimorum
1910 3071 2060 3116 Wehle

254 3151 305 3193 p.
334 3143 386 3181 17
426 3137 756 3193 mulierarium,
790 3140 1088 3185 mulierosum
1121 3140 1315 3199 Scheffer
1343 3141 1563 3185 Heinsius
1601 3142 1788 3187 molitor
1815 3140 2059 3186 mulierum

261 3207 379 3259 (oder
414 3209 604 3254 molitor
634 3210 800 3254 allein:
845 3210 1025 3257 Auson‚
1059 3211 1203 3268 epigr.
1235 3211 1352 3265 90‚3)
1387 3213 1609 3258 Buchehr
1639 3213 1736 3267 (der
1764 3213 1880 3258 nach
1908 3212 2058 3256 homi-

261 3290 366 3321 nem
396 3278 709 3338 interpunqirt,
746 3281 942 3339 daqeqen
971 3281 1094 3326 nicht
1121 3283 1237 3325 nach
1267 3281 1476 3338 oliorum)
1567 3285 1619 3326 18
1651 3296 1813 3328 canem
1842 3283 2057 3326 intactam

258 3347 503 3404 reliquisse
541 3353 654 3395 G'oes
836 3354 887 3395 19
917 3352 1142 3408 pullarius
1173 3354 1413 3398 Burmann
1442 3354 1682 3399 Bucheleaess
1716 3354 1971 3412 puellarius
2003 3356 2063 3399 Η

258 3419 479 3463 Bucheler
508 3422 546 3464 Ι
