2418 3762
360 264 460 315 188
996 257 1125 303 Cena
1155 256 1527 304 Trimalchionis.
2197 290 2262 328 Ba
2265 289 2334 329 ch

356 402 612 471 frigidum
650 401 722 455 ad
759 402 957 455 malam
996 401 1113 455 eius
1151 400 1407 470 admovit,
1452 416 1615 471 super
1652 418 1811 468 quem
1855 401 2168 456 incumbens
2200 359 2274 459 HP

355 496 651 549 Fortunata
706 510 923 562 gemere
980 510 1043 571 ac
1105 492 1235 547 fiere
1292 493 1482 564 coepit.
1598 499 1783 548 contra
1838 493 2166 547 Trimalchio

354 587 501 657 ‘quid
538 582 728 641 enimi?
777 586 952 654 inquit
982 581 1293 641 ‘ambubaia
1336 603 1444 640 non
1479 586 1748 653 meminit,
1806 586 1904 640 sed
1943 586 2010 640 de
2048 604 2167 641 ma-

356 681 516 735 china
552 679 705 732 illam
746 679 956 740 sustuli,
1002 678 1271 733 hominem
1297 678 1436 733 inter
1460 678 1705 732 homines
1732 679 1849 733 feci.
1927 685 1983 733 at
2016 678 2170 733 inflat

217 782 294 822 <5
355 789 414 827 se
452 778 710 840 tanquam
747 789 899 838 rana,
945 777 998 825 et
1021 772 1076 825 in
1103 771 1278 826 sinum
1305 787 1459 825 suum
1485 789 1592 825 non
1625 771 1785 840 spuit,
1830 771 2017 835 codex,
2060 790 2170 827 non

355 865 564 920 mulier.
618 864 718 918 sed
754 863 857 931 hic,
897 864 990 932 qui
1027 864 1085 918 in
1121 865 1345 934 pergula
1369 869 1527 918 natus
1554 870 1652 931 est,
1696 863 1861 918 aedes
1892 882 2000 918 non
2026 881 2168 919 som-

354 958 549 1012 niatur.
605 956 684 1011 ita
723 956 942 1032 genium
980 973 1157 1010 meum
1195 956 1483 1027 propitium
1521 956 1766 1025 habeam,
1811 958 2024 1021 curabO,
2070 957 2168 1012 do-

355 1056 502 1105 mata
541 1050 610 1104 sit
635 1048 946 1104 Cassandra
985 1050 1263 1119 caligaria.
1321 1055 1374 1103 et
1412 1066 1530 1118 eg0,
1574 1050 1731 1104 homo
1769 1050 2164 1119 dipundiariuS,

356 1144 662 1198 sestertium
703 1142 905 1197 centies
943 1142 1188 1211 accipere
1238 1142 1406 1211 potui.
1486 1143 1592 1196 scis
1640 1148 1698 1195 tu
1748 1160 1834 1196 me
1871 1160 1979 1197 non
2015 1160 2167 1197 men-

271 1246 322 1287 10
354 1237 462 1290 tiri.
541 1235 775 1305 Agatho,
829 1235 1217 1303 unguentarius
1264 1234 1428 1288 herae
1475 1233 1772 1303 proximae,
1824 1235 2037 1289 seduxit
2080 1253 2166 1289 me

354 1334 407 1382 et
450 1327 724 1382 “suadeo”
762 1327 934 1395 inquit
978 1328 1125 1380 “non
1163 1326 1389 1397 patiaris
1415 1343 1588 1395 genus
1612 1332 1764 1380 tuum
1788 1328 2058 1382 interire⁷'.
2111 1335 2168 1382 at

355 1438 454 1490 ego
494 1421 621 1475 dum
658 1422 886 1474 bonatus
925 1436 1028 1488 ago
1080 1425 1133 1472 et
1178 1419 1302 1473 nolo
1341 1419 1517 1473 videri
1552 1420 1706 1487 levis,
1752 1420 1870 1489 ipse
1906 1420 2040 1474 mihi
2076 1438 2167 1475 as—

354 1513 496 1566 ciam
534 1513 591 1566 in
630 1527 749 1566 crus
787 1511 1010 1581 impegi.
1089 1517 1249 1577 reete,
1300 1513 1512 1580 curabo,
1564 1529 1650 1566 me
1688 1499 1958 1581 unguibus
1997 1530 2167 1581 quae-

353 1622 457 1659 ras.
552 1610 606 1658 et
655 1609 716 1657 ut
767 1605 1262 1674 depraesentiarum
1301 1604 1592 1673 intelligas,
1649 1604 1778 1674 quid
1814 1604 1912 1659 tibi
1948 1605 2159 1660 feceris:

270 1707 320 1747 15
352 1697 622 1766 Habinna,
674 1698 816 1764 nolo,
872 1702 1104 1750 statuam
1145 1697 1259 1751 eius
1306 1697 1364 1750 in
1413 1703 1755 1752 monumento
1802 1715 1922 1752 meo
1972 1715 2160 1768 ponaS,

351 1807 421 1844 ne
462 1794 710 1848 ,mortuus
768 1789 986 1857 quidem
1041 1790 1165 1844 lites
1221 1790 1470 1844 habeam.
1549 1791 1728 1857 imm0,
1791 1796 1849 1844 ut
1897 1790 2031 1850 sciat
2078 1809 2165 1845 me

351 1898 511 1951 posse
549 1883 753 1936 malum
793 1882 941 1952 dare,
985 1884 1124 1950 nolo,
1161 1901 1252 1942 me
1289 1889 1555 1937 mortuum
1591 1877 1806 1938 basiet.³

266 1982 333 2030 75
497 1980 619 2045 post
654 1975 757 2029 hoc
795 1975 1000 2030 fulmen
1038 1976 1322 2030 Habinnas
1360 1993 1554 2045 rogare
1593 1977 1786 2046 coepit,
1829 1982 1889 2031 ut
1924 1978 2034 2030 iam
2067 1978 2164 2032 de·
2270 2035 2277 2041 ,

354 2069 554 2120 sineret
588 2067 751 2121 irasci
789 2073 842 2121 et
875 2063 1096 2138 l‘nem0³
1137 2069 1309 2138 inquit
1335 2066 1601 2123 ‘nostrum
1638 2086 1746 2123 non
1782 2075 1987 2140 peccat.
2065 2071 2163 2124 ho-
2194 2091 2292 2134 HL

266 2173 321 2213 20
353 2159 525 2212 mines
564 2175 766 2226 sumuS,
809 2177 916 2214 non
955 2155 1082 2214 dei.³
1121 2160 1128 2231 Ι
1173 2161 1317 2215 idem
1371 2167 1424 2215 et
1462 2161 1709 2215 Scintilla
1749 2161 1886 2216 flens
1924 2162 2061 2216 dixit
2098 2180 2163 2216 ac
2195 2176 2252 2218 H
2395 2223 2399 2239 χ

352 2267 449 2320 per
484 2251 699 2320 genium
740 2252 854 2306 eius
893 2252 1084 2306 Gaium
1134 2254 1465 2323 appellando
1508 2271 1700 2323 rogare
1751 2256 1943 2325 coepit,
1994 2260 2053 2308 ut
2101 2272 2160 2309 se
2192 2250 2359 2346 Bfioh5⁷h
2396 2296 2397 2302 ,

353 2343 642 2413 frangeret.
722 2362 831 2398 non
870 2346 1043 2400 tenuit
1079 2346 1222 2399 ultra
1259 2347 1510 2400 lacrimas
1537 2347 1868 2402 Trimalchio
1907 2353 1961 2402 et
1994 2343 2155 2416 ‘rogo'
2247 2319 2290 2357 P·
2395 2335 2398 2406 ᾖ

468 3023 487 3063 1
523 3035 659 3079 quem
692 3024 750 3066 H
759 3026 762 3028 ’
785 3037 924 3081 quam
955 3018 1192 3068 Heinsius>
1292 3026 1316 3066 3
1347 3025 1561 3069 meminit
1589 3025 1811 3070 Heinsius
1849 3039 1922 3071 me
1952 3026 2081 3071 misit
2106 3027 2168 3069 H

351 3093 435 3137 sed
467 3094 526 3137 de
556 3094 780 3138 But-hezer
820 3094 932 3139 sede
965 3096 1025 3138 H
1056 3095 1271 3140 maehina
1301 3097 1526 3140 Buecheler
1563 3095 1826 3141 machillam
1850 3099 1911 3141 H
1939 3097 2160 3142 machilla

350 3165 590 3208 Burmann
733 3163 757 3206 5
788 3178 882 3209 non
914 3166 1040 3223 spuit
1070 3166 1309 3211 Reinesius
1350 3168 1570 3224 conspuit
1601 3170 1657 3212 H
1789 3172 1814 3212 8
1846 3169 1909 3214 sit
1938 3168 2158 3212 Biichcler

350 3235 390 3277 si
423 3235 483 3277 H
551 3237 603 3277 10
634 3235 774 3280 herae
805 3238 1044 3291 proximae
1075 3237 1324 3282 Buchezerss
1357 3238 1573 3298 (Scheffer
1602 3239 1742 3284 herae
1772 3239 1997 3297 proxime)
2043 3238 2155 3283 here

349 3305 557 3360 proxime
589 3309 650 3351 H
673 3308 894 3351 Bucheler
926 3309 963 3350 Ι
1120 3309 1171 3350 21
1206 3312 1260 3353 ut
1291 3321 1341 3353 se
1373 3307 1611 3366 frangeret
1639 3311 1862 3355 Heinsius
1901 3314 1955 3355 ut
1984 3309 2156 3354 effi-an-

349 3380 483 3431 geret
512 3377 571 3418 H
2067 3373 2070 3379 ’
