<?xml version="1.0" encoding="UTF-8"?>
<!DOCTYPE html PUBLIC "-//W3C//DTD XHTML 1.0 Transitional//EN"
    "http://www.w3.org/TR/xhtml1/DTD/xhtml1-transitional.dtd">
<html xmlns="http://www.w3.org/1999/xhtml" xml:lang="en" lang="en">
 <head>
  <title>
</title>
<meta http-equiv="Content-Type" content="text/html;charset=utf-8" />
  <meta name='ocr-system' content='tesseract 3.04.00' />
  <meta name='ocr-capabilities' content='ocr_page ocr_carea ocr_par ocr_line ocrx_word'/>
</head>
<body>
  <div class='ocr_page' id='page_1' title='image "./petroniicenatrim00petruoft_0170.png"; bbox 0 0 2418 3762; ppageno 0'>
   <div class='ocr_carea' id='block_1_1' title="bbox 355 247 2343 322">
    <p class='ocr_par' dir='ltr' id='par_1_1' title="bbox 355 247 2343 322">
     <span class='ocr_line' id='line_1_1' title="bbox 355 247 2343 322; baseline 0 -30"><span class='ocrx_word' id='word_1_1' title='bbox 355 255 371 302; x_wconf 81' lang='lat'>1</span> <span class='ocrx_word' id='word_1_2' title='bbox 389 254 454 305; x_wconf 83' lang='lat'><strong>60</strong></span> <span class='ocrx_word' id='word_1_3' title='bbox 976 247 1115 293; x_wconf 46' lang='lat' dir='ltr'><strong>*Cena</strong></span> <span class='ocrx_word' id='word_1_4' title='bbox 1145 247 1515 294; x_wconf 78' lang='lat' dir='ltr'><strong>Trimalchionis.</strong></span> <span class='ocrx_word' id='word_1_5' title='bbox 2179 279 2343 322; x_wconf 64' lang='lat' dir='ltr'><strong>michel</strong></span> 
     </span>
    </p>
   </div>
   <div class='ocr_carea' id='block_1_2' title="bbox 490 337 2348 461">
    <p class='ocr_par' dir='ltr' id='par_1_2' title="bbox 490 337 2348 461">
     <span class='ocr_line' id='line_1_2' title="bbox 2262 337 2348 379; baseline -0.012 0"><span class='ocrx_word' id='word_1_6' title='bbox 2262 337 2348 379; x_wconf 84' lang='grc'><strong>,43</strong></span> 
     </span>
     <span class='ocr_line' id='line_1_3' title="bbox 490 351 2257 461; baseline -0.001 -15"><span class='ocrx_word' id='word_1_7' title='bbox 490 408 591 446; x_wconf 89' lang='lat' dir='ltr'><strong>nec</strong></span> <span class='ocrx_word' id='word_1_8' title='bbox 628 407 734 445; x_wconf 92' lang='lat' dir='ltr'><strong>non</strong></span> <span class='ocrx_word' id='word_1_9' title='bbox 761 390 1087 445; x_wconf 81' lang='lat' dir='ltr'>Trimalchio</span> <span class='ocrx_word' id='word_1_10' title='bbox 1111 391 1229 461; x_wconf 89' lang='lat' dir='ltr'><strong>ipse</strong></span> <span class='ocrx_word' id='word_1_11' title='bbox 1256 407 1375 446; x_wconf 88' lang='lat' dir='ltr'><strong>cum</strong></span> <span class='ocrx_word' id='word_1_12' title='bbox 1411 390 1674 446; x_wconf 80' lang='lat' dir='ltr'><strong>tubicines</strong></span> <span class='ocrx_word' id='word_1_13' title='bbox 1712 396 1856 445; x_wconf 88' lang='lat' dir='ltr'><strong>esset</strong></span> <span class='ocrx_word' id='word_1_14' title='bbox 1890 390 2146 457; x_wconf 86' lang='lat' dir='ltr'><strong>imitatus,</strong></span> <span class='ocrx_word' id='word_1_15' title='bbox 2181 351 2257 451; x_wconf 68' lang='lat' dir='ltr'><strong>Hp</strong></span> 
     </span>
    </p>
   </div>
   <div class='ocr_carea' id='block_1_3' title="bbox 250 483 2151 2691">
    <p class='ocr_par' dir='ltr' id='par_1_3' title="bbox 250 483 2151 2691">
     <span class='ocr_line' id='line_1_4' title="bbox 347 483 2151 554; baseline -0.001 -15"><span class='ocrx_word' id='word_1_16' title='bbox 347 485 419 538; x_wconf 92' lang='lat' dir='ltr'><strong>ad</strong></span> <span class='ocrx_word' id='word_1_17' title='bbox 457 484 681 539; x_wconf 88' lang='lat' dir='ltr'><strong>delicias</strong></span> <span class='ocrx_word' id='word_1_18' title='bbox 719 499 844 537; x_wconf 91' lang='lat' dir='ltr'><strong>suas</strong></span> <span class='ocrx_word' id='word_1_19' title='bbox 869 485 1125 553; x_wconf 78' lang='lat' dir='ltr'><strong>respexit,</strong></span> <span class='ocrx_word' id='word_1_20' title='bbox 1168 500 1326 553; x_wconf 88' lang='lat' dir='ltr'><strong>quem</strong></span> <span class='ocrx_word' id='word_1_21' title='bbox 1353 483 1605 538; x_wconf 86' lang='lat' dir='ltr'><strong>Croesum</strong></span> <span class='ocrx_word' id='word_1_22' title='bbox 1632 484 1962 553; x_wconf 87' lang='lat' dir='ltr'><strong>appellabat.</strong></span> <span class='ocrx_word' id='word_1_23' title='bbox 2015 501 2151 554; x_wconf 88' lang='lat' dir='ltr'><strong>puer</strong></span> 
     </span>
     <span class='ocr_line' id='line_1_5' title="bbox 346 576 2150 647; baseline -0.001 -16"><span class='ocrx_word' id='word_1_24' title='bbox 346 582 525 632; x_wconf 89' lang='lat' dir='ltr'><strong>autem</strong></span> <span class='ocrx_word' id='word_1_25' title='bbox 563 577 762 647; x_wconf 85' lang='lat' dir='ltr'><strong>lippus⁷</strong></span> <span class='ocrx_word' id='word_1_26' title='bbox 808 576 1193 631; x_wconf 78' lang='lat' dir='ltr'><strong>sordidissimis</strong></span> <span class='ocrx_word' id='word_1_27' title='bbox 1221 576 1486 644; x_wconf 82' lang='lat' dir='ltr'><strong>dentibus⁷</strong></span> <span class='ocrx_word' id='word_1_28' title='bbox 1533 577 1783 631; x_wconf 89' lang='lat' dir='ltr'><strong>catellam</strong></span> <span class='ocrx_word' id='word_1_29' title='bbox 1819 577 2027 646; x_wconf 81' lang='lat' dir='ltr'><strong>nigram</strong></span> <span class='ocrx_word' id='word_1_30' title='bbox 2066 582 2150 630; x_wconf 87' lang='lat' dir='ltr'><strong>at-</strong></span> 
     </span>
     <span class='ocr_line' id='line_1_6' title="bbox 347 669 2150 740; baseline -0.001 -16"><span class='ocrx_word' id='word_1_31' title='bbox 347 687 450 738; x_wconf 91' lang='lat' dir='ltr'><strong>que</strong></span> <span class='ocrx_word' id='word_1_32' title='bbox 486 669 1091 739; x_wconf 73' lang='lat' dir='ltr'><strong>indecenter-pinguem</strong></span> <span class='ocrx_word' id='word_1_33' title='bbox 1127 669 1346 740; x_wconf 91' lang='lat' dir='ltr'><strong>prasina</strong></span> <span class='ocrx_word' id='word_1_34' title='bbox 1370 670 1682 725; x_wconf 84' lang='lat' dir='ltr'><strong>involvebat</strong></span> <span class='ocrx_word' id='word_1_35' title='bbox 1719 670 1891 724; x_wconf 84' lang='lat' dir='ltr'><strong>fascia</strong></span> <span class='ocrx_word' id='word_1_36' title='bbox 1926 687 2150 740; x_wconf 91' lang='lat' dir='ltr'><strong>panem—</strong></span> 
     </span>
     <span class='ocr_line' id='line_1_7' title="bbox 292 762 2149 833; baseline 0.001 -18"><span class='ocrx_word' id='word_1_37' title='bbox 292 777 315 815; x_wconf 82' lang='lat'>5</span> <span class='ocrx_word' id='word_1_38' title='bbox 348 779 451 831; x_wconf 92' lang='lat' dir='ltr'><strong>que</strong></span> <span class='ocrx_word' id='word_1_39' title='bbox 501 763 804 817; x_wconf 88' lang='lat' dir='ltr'><strong>semissem·</strong></span> <span class='ocrx_word' id='word_1_40' title='bbox 835 762 1071 833; x_wconf 90' lang='lat' dir='ltr'><strong>ponebat</strong></span> <span class='ocrx_word' id='word_1_41' title='bbox 1118 778 1279 833; x_wconf 89' lang='lat' dir='ltr'><strong>super</strong></span> <span class='ocrx_word' id='word_1_42' title='bbox 1320 769 1490 817; x_wconf 90' lang='lat' dir='ltr'><strong>torum</strong></span> <span class='ocrx_word' id='word_1_43' title='bbox 1534 768 1696 831; x_wconf 86' lang='lat' dir='ltr'><strong>atque</strong></span> <span class='ocrx_word' id='word_1_44' title='bbox 1753 763 1888 832; x_wconf 83' lang='lat' dir='ltr'><strong>[hae]</strong></span> <span class='ocrx_word' id='word_1_45' title='bbox 1942 779 2149 817; x_wconf 90' lang='lat' dir='ltr'><strong>nausea</strong></span> 
     </span>
     <span class='ocr_line' id='line_1_8' title="bbox 345 855 2147 933; baseline 0.001 -25"><span class='ocrx_word' id='word_1_46' title='bbox 345 860 682 910; x_wconf 79' lang='lat' dir='ltr'><strong>recusantem</strong></span> <span class='ocrx_word' id='word_1_47' title='bbox 721 855 1023 925; x_wconf 80' lang='lat' dir='ltr'><strong>saginabat.</strong></span> <span class='ocrx_word' id='word_1_48' title='bbox 1121 872 1223 924; x_wconf 91' lang='lat' dir='ltr'><strong>quo</strong></span> <span class='ocrx_word' id='word_1_49' title='bbox 1271 855 1574 911; x_wconf 89' lang='lat' dir='ltr'><strong>admonitus</strong></span> <span class='ocrx_word' id='word_1_50' title='bbox 1621 856 1785 911; x_wconf 87' lang='lat' dir='ltr'><strong>officii</strong></span> <span class='ocrx_word' id='word_1_51' title='bbox 1822 857 2147 933; x_wconf 83' lang='lat' dir='ltr'><strong>Trimalchio</strong></span> 
     </span>
     <span class='ocr_line' id='line_1_9' title="bbox 348 944 2142 1019; baseline 0.001 -17"><span class='ocrx_word' id='word_1_52' title='bbox 348 948 629 1019; x_wconf 83' lang='lat' dir='ltr'><strong>Scylacem</strong></span> <span class='ocrx_word' id='word_1_53' title='bbox 676 948 832 1003; x_wconf 87' lang='lat' dir='ltr'><strong>iussit</strong></span> <span class='ocrx_word' id='word_1_54' title='bbox 879 948 1076 1003; x_wconf 86' lang='lat' dir='ltr'><strong>adduci</strong></span> <span class='ocrx_word' id='word_1_55' title='bbox 1113 944 1460 1019; x_wconf 82' lang='lat' dir='ltr'><strong>‘praesidium</strong></span> <span class='ocrx_word' id='word_1_56' title='bbox 1513 950 1701 1004; x_wconf 89' lang='lat' dir='ltr'><strong>domus</strong></span> <span class='ocrx_word' id='word_1_57' title='bbox 1755 944 2142 1019; x_wconf 77' lang='lat' dir='ltr'><strong>familiaeque³.</strong></span> 
     </span>
     <span class='ocr_line' id='line_1_10' title="bbox 343 1041 2149 1110; baseline 0 -14"><span class='ocrx_word' id='word_1_58' title='bbox 343 1059 443 1096; x_wconf 88' lang='lat' dir='ltr'><strong>nec</strong></span> <span class='ocrx_word' id='word_1_59' title='bbox 480 1059 646 1110; x_wconf 86' lang='lat' dir='ltr'><strong>mora,</strong></span> <span class='ocrx_word' id='word_1_60' title='bbox 691 1041 926 1110; x_wconf 91' lang='lat' dir='ltr'><strong>ingentis</strong></span> <span class='ocrx_word' id='word_1_61' title='bbox 953 1042 1154 1097; x_wconf 87' lang='lat' dir='ltr'><strong>formae</strong></span> <span class='ocrx_word' id='word_1_62' title='bbox 1181 1043 1446 1096; x_wconf 88' lang='lat' dir='ltr'><strong>adductus</strong></span> <span class='ocrx_word' id='word_1_63' title='bbox 1473 1048 1556 1095; x_wconf 89' lang='lat' dir='ltr'><strong>est</strong></span> <span class='ocrx_word' id='word_1_64' title='bbox 1581 1042 1729 1096; x_wconf 89' lang='lat' dir='ltr'><strong>canis</strong></span> <span class='ocrx_word' id='word_1_65' title='bbox 1767 1048 1959 1096; x_wconf 89' lang='lat' dir='ltr'><strong>catena</strong></span> <span class='ocrx_word' id='word_1_66' title='bbox 1996 1043 2149 1096; x_wconf 77' lang='lat' dir='ltr'><strong>vinc-</strong></span> 
     </span>
     <span class='ocr_line' id='line_1_11' title="bbox 343 1134 2147 1204; baseline 0.001 -17"><span class='ocrx_word' id='word_1_67' title='bbox 343 1140 446 1203; x_wconf 78' lang='lat' dir='ltr'><strong>tus,</strong></span> <span class='ocrx_word' id='word_1_68' title='bbox 492 1134 901 1204; x_wconf 88' lang='lat' dir='ltr'><strong>admonitusque</strong></span> <span class='ocrx_word' id='word_1_69' title='bbox 928 1135 1133 1189; x_wconf 89' lang='lat' dir='ltr'><strong>ostiarii</strong></span> <span class='ocrx_word' id='word_1_70' title='bbox 1159 1136 1322 1203; x_wconf 81' lang='lat' dir='ltr'><strong>calce,</strong></span> <span class='ocrx_word' id='word_1_71' title='bbox 1365 1141 1425 1189; x_wconf 88' lang='lat' dir='ltr'><strong>ut</strong></span> <span class='ocrx_word' id='word_1_72' title='bbox 1461 1135 1696 1201; x_wconf 88' lang='lat' dir='ltr'><strong>cubaret,</strong></span> <span class='ocrx_word' id='word_1_73' title='bbox 1742 1140 1868 1189; x_wconf 86' lang='lat' dir='ltr'><strong>ante</strong></span> <span class='ocrx_word' id='word_1_74' title='bbox 1906 1152 2147 1190; x_wconf 90' lang='lat' dir='ltr'><strong>mensam</strong></span> 
     </span>
     <span class='ocr_line' id='line_1_12' title="bbox 264 1223 2143 1297; baseline 0.002 -17"><span class='ocrx_word' id='word_1_75' title='bbox 264 1240 312 1280; x_wconf 89' lang='lat'><strong>10</strong></span> <span class='ocrx_word' id='word_1_76' title='bbox 347 1243 405 1280; x_wconf 93' lang='lat' dir='ltr'><strong>se</strong></span> <span class='ocrx_word' id='word_1_77' title='bbox 444 1228 640 1297; x_wconf 85' lang='lat' dir='ltr'><strong>posuit.</strong></span> <span class='ocrx_word' id='word_1_78' title='bbox 701 1234 811 1281; x_wconf 90' lang='lat' dir='ltr'><strong>tum</strong></span> <span class='ocrx_word' id='word_1_79' title='bbox 839 1227 1162 1282; x_wconf 87' lang='lat' dir='ltr'><strong>Trimalchio</strong></span> <span class='ocrx_word' id='word_1_80' title='bbox 1188 1228 1395 1282; x_wconf 90' lang='lat' dir='ltr'><strong>iactans</strong></span> <span class='ocrx_word' id='word_1_81' title='bbox 1422 1227 1709 1281; x_wconf 89' lang='lat' dir='ltr'><strong>candidum</strong></span> <span class='ocrx_word' id='word_1_82' title='bbox 1736 1245 1931 1297; x_wconf 90' lang='lat' dir='ltr'><strong>panem</strong></span> <span class='ocrx_word' id='word_1_83' title='bbox 1956 1223 2143 1283; x_wconf 82' lang='lat' dir='ltr'><strong>‘nemo&#39;</strong></span> 
     </span>
     <span class='ocr_line' id='line_1_13' title="bbox 341 1315 2139 1391; baseline 0.001 -17"><span class='ocrx_word' id='word_1_84' title='bbox 341 1320 513 1389; x_wconf 87' lang='lat' dir='ltr'><strong>inquit</strong></span> <span class='ocrx_word' id='word_1_85' title='bbox 556 1315 635 1373; x_wconf 80' lang='lat' dir='ltr'><strong>‘in</strong></span> <span class='ocrx_word' id='word_1_86' title='bbox 686 1320 840 1374; x_wconf 89' lang='lat' dir='ltr'><strong>domo</strong></span> <span class='ocrx_word' id='word_1_87' title='bbox 885 1337 1007 1373; x_wconf 90' lang='lat' dir='ltr'><strong>mea</strong></span> <span class='ocrx_word' id='word_1_88' title='bbox 1054 1337 1138 1374; x_wconf 91' lang='lat' dir='ltr'><strong>me</strong></span> <span class='ocrx_word' id='word_1_89' title='bbox 1179 1322 1302 1390; x_wconf 91' lang='lat' dir='ltr'><strong>plus</strong></span> <span class='ocrx_word' id='word_1_90' title='bbox 1347 1315 1530 1374; x_wconf 82' lang='lat' dir='ltr'><strong>amat&#39;.</strong></span> <span class='ocrx_word' id='word_1_91' title='bbox 1621 1320 1937 1389; x_wconf 84' lang='lat' dir='ltr'><strong>indignatus</strong></span> <span class='ocrx_word' id='word_1_92' title='bbox 1992 1339 2139 1391; x_wconf 70' lang='lat' dir='ltr'><strong>puer,</strong></span> 
     </span>
     <span class='ocr_line' id='line_1_14' title="bbox 344 1413 2147 1482; baseline 0.001 -16"><span class='ocrx_word' id='word_1_93' title='bbox 344 1413 485 1480; x_wconf 90' lang='lat' dir='ltr'><strong>quod</strong></span> <span class='ocrx_word' id='word_1_94' title='bbox 524 1413 809 1482; x_wconf 80' lang='lat' dir='ltr'><strong>Scylacem</strong></span> <span class='ocrx_word' id='word_1_95' title='bbox 854 1419 964 1467; x_wconf 91' lang='lat' dir='ltr'><strong>tam</strong></span> <span class='ocrx_word' id='word_1_96' title='bbox 1011 1413 1180 1466; x_wconf 88' lang='lat' dir='ltr'><strong>effuse</strong></span> <span class='ocrx_word' id='word_1_97' title='bbox 1232 1413 1497 1478; x_wconf 78' lang='lat' dir='ltr'><strong>laudaret,</strong></span> <span class='ocrx_word' id='word_1_98' title='bbox 1557 1414 1811 1467; x_wconf 91' lang='lat' dir='ltr'><strong>catellam</strong></span> <span class='ocrx_word' id='word_1_99' title='bbox 1858 1413 1916 1467; x_wconf 93' lang='lat' dir='ltr'><strong>in</strong></span> <span class='ocrx_word' id='word_1_100' title='bbox 1951 1419 2147 1468; x_wconf 90' lang='lat' dir='ltr'><strong>terram</strong></span> 
     </span>
     <span class='ocr_line' id='line_1_15' title="bbox 343 1506 2147 1577; baseline 0.001 -19"><span class='ocrx_word' id='word_1_101' title='bbox 343 1506 588 1576; x_wconf 84' lang='lat' dir='ltr'><strong>deposuit</strong></span> <span class='ocrx_word' id='word_1_102' title='bbox 625 1506 970 1574; x_wconf 86' lang='lat' dir='ltr'><strong>hortatusque</strong></span> <span class='ocrx_word' id='word_1_103' title='bbox 1010 1514 1099 1572; x_wconf 78' lang='lat' dir='ltr'><strong>est,</strong></span> <span class='ocrx_word' id='word_1_104' title='bbox 1139 1512 1198 1560; x_wconf 87' lang='lat' dir='ltr'><strong>ut</strong></span> <span class='ocrx_word' id='word_1_105' title='bbox 1236 1506 1307 1559; x_wconf 90' lang='lat' dir='ltr'><strong>ad</strong></span> <span class='ocrx_word' id='word_1_106' title='bbox 1344 1507 1517 1559; x_wconf 82' lang='lat' dir='ltr'><strong>rixam</strong></span> <span class='ocrx_word' id='word_1_107' title='bbox 1543 1511 1869 1576; x_wconf 89' lang='lat' dir='ltr'><strong>properaret.</strong></span> <span class='ocrx_word' id='word_1_108' title='bbox 1949 1506 2147 1577; x_wconf 72' lang='lat' dir='ltr'><strong>Scylax</strong></span> 
     </span>
     <span class='ocr_line' id='line_1_16' title="bbox 344 1599 2143 1668; baseline 0.001 -16"><span class='ocrx_word' id='word_1_109' title='bbox 344 1599 536 1652; x_wconf 90' lang='lat' dir='ltr'><strong>canino</strong></span> <span class='ocrx_word' id='word_1_110' title='bbox 577 1599 781 1652; x_wconf 88' lang='lat' dir='ltr'><strong>scilicet</strong></span> <span class='ocrx_word' id='word_1_111' title='bbox 817 1615 948 1652; x_wconf 89' lang='lat' dir='ltr'><strong>usus</strong></span> <span class='ocrx_word' id='word_1_112' title='bbox 986 1599 1220 1668; x_wconf 88' lang='lat' dir='ltr'><strong>ingeni0‚</strong></span> <span class='ocrx_word' id='word_1_113' title='bbox 1276 1599 1581 1653; x_wconf 86' lang='lat' dir='ltr'><strong>taeterrimo</strong></span> <span class='ocrx_word' id='word_1_114' title='bbox 1618 1600 1817 1653; x_wconf 89' lang='lat' dir='ltr'><strong>latratu</strong></span> <span class='ocrx_word' id='word_1_115' title='bbox 1853 1600 2143 1654; x_wconf 85' lang='lat' dir='ltr'><strong>triclinium</strong></span> 
     </span>
     <span class='ocr_line' id='line_1_17' title="bbox 258 1690 2146 1763; baseline 0.001 -17"><span class='ocrx_word' id='word_1_116' title='bbox 258 1706 307 1746; x_wconf 88' lang='lat'><strong>15</strong></span> <span class='ocrx_word' id='word_1_117' title='bbox 339 1691 587 1760; x_wconf 87' lang='lat' dir='ltr'><strong>implevit</strong></span> <span class='ocrx_word' id='word_1_118' title='bbox 611 1690 1062 1761; x_wconf 78' lang='lat' dir='ltr'><strong>Margaritamque</strong></span> <span class='ocrx_word' id='word_1_119' title='bbox 1089 1693 1276 1747; x_wconf 84' lang='lat' dir='ltr'><strong>Croesi</strong></span> <span class='ocrx_word' id='word_1_120' title='bbox 1310 1709 1483 1763; x_wconf 91' lang='lat' dir='ltr'><strong>paene</strong></span> <span class='ocrx_word' id='word_1_121' title='bbox 1519 1692 1794 1746; x_wconf 87' lang='lat' dir='ltr'><strong>laceravit.</strong></span> <span class='ocrx_word' id='word_1_122' title='bbox 1869 1710 1968 1747; x_wconf 90' lang='lat' dir='ltr'><strong>nec</strong></span> <span class='ocrx_word' id='word_1_123' title='bbox 2003 1694 2146 1747; x_wconf 86' lang='lat' dir='ltr'><strong>intra</strong></span> 
     </span>
     <span class='ocr_line' id='line_1_18' title="bbox 339 1784 2146 1856; baseline 0.002 -19"><span class='ocrx_word' id='word_1_124' title='bbox 339 1784 510 1838; x_wconf 87' lang='lat' dir='ltr'><strong>rixam</strong></span> <span class='ocrx_word' id='word_1_125' title='bbox 547 1787 805 1838; x_wconf 89' lang='lat' dir='ltr'><strong>tumultus</strong></span> <span class='ocrx_word' id='word_1_126' title='bbox 862 1785 1116 1851; x_wconf 85' lang='lat' dir='ltr'><strong>constitit,</strong></span> <span class='ocrx_word' id='word_1_127' title='bbox 1179 1785 1276 1839; x_wconf 94' lang='lat' dir='ltr'><strong>sed</strong></span> <span class='ocrx_word' id='word_1_128' title='bbox 1326 1785 1709 1839; x_wconf 89' lang='lat' dir='ltr'><strong>candelabrum</strong></span> <span class='ocrx_word' id='word_1_129' title='bbox 1765 1785 1928 1839; x_wconf 90' lang='lat' dir='ltr'><strong>etiam</strong></span> <span class='ocrx_word' id='word_1_130' title='bbox 1984 1802 2146 1856; x_wconf 88' lang='lat' dir='ltr'><strong>super</strong></span> 
     </span>
     <span class='ocr_line' id='line_1_19' title="bbox 337 1878 2144 1947; baseline 0.002 -18"><span class='ocrx_word' id='word_1_131' title='bbox 337 1893 581 1931; x_wconf 91' lang='lat' dir='ltr'><strong>mensam</strong></span> <span class='ocrx_word' id='word_1_132' title='bbox 620 1894 866 1932; x_wconf 87' lang='lat' dir='ltr'><strong>eversum</strong></span> <span class='ocrx_word' id='word_1_133' title='bbox 917 1884 969 1932; x_wconf 93' lang='lat' dir='ltr'><strong>et</strong></span> <span class='ocrx_word' id='word_1_134' title='bbox 1005 1894 1139 1932; x_wconf 86' lang='lat' dir='ltr'><strong>vasa</strong></span> <span class='ocrx_word' id='word_1_135' title='bbox 1177 1878 1354 1932; x_wconf 90' lang='lat' dir='ltr'><strong>omnia</strong></span> <span class='ocrx_word' id='word_1_136' title='bbox 1391 1878 1708 1947; x_wconf 85' lang='lat' dir='ltr'><strong>crystallina</strong></span> <span class='ocrx_word' id='word_1_137' title='bbox 1744 1879 2053 1932; x_wconf 88' lang='lat' dir='ltr'><strong>comminuit</strong></span> <span class='ocrx_word' id='word_1_138' title='bbox 2090 1885 2144 1933; x_wconf 87' lang='lat' dir='ltr'><strong>et</strong></span> 
     </span>
     <span class='ocr_line' id='line_1_20' title="bbox 339 1969 2140 2041; baseline 0.003 -20"><span class='ocrx_word' id='word_1_139' title='bbox 339 1969 455 2023; x_wconf 91' lang='lat' dir='ltr'><strong>oleo</strong></span> <span class='ocrx_word' id='word_1_140' title='bbox 513 1970 742 2024; x_wconf 87' lang='lat' dir='ltr'><strong>ferventi</strong></span> <span class='ocrx_word' id='word_1_141' title='bbox 790 1971 996 2038; x_wconf 89' lang='lat' dir='ltr'><strong>aliquot</strong></span> <span class='ocrx_word' id='word_1_142' title='bbox 1044 1972 1298 2026; x_wconf 87' lang='lat' dir='ltr'><strong>convivas</strong></span> <span class='ocrx_word' id='word_1_143' title='bbox 1337 1971 1612 2041; x_wconf 86' lang='lat' dir='ltr'><strong>respersit.</strong></span> <span class='ocrx_word' id='word_1_144' title='bbox 1691 1971 2016 2025; x_wconf 87' lang='lat' dir='ltr'><strong>Trimalchio</strong></span> <span class='ocrx_word' id='word_1_145' title='bbox 2074 1990 2140 2026; x_wconf 90' lang='lat' dir='ltr'><strong>ne</strong></span> 
     </span>
     <span class='ocr_line' id='line_1_21' title="bbox 338 2061 2143 2134; baseline 0.002 -20"><span class='ocrx_word' id='word_1_146' title='bbox 338 2061 612 2115; x_wconf 81' lang='lat' dir='ltr'><strong>videretur</strong></span> <span class='ocrx_word' id='word_1_147' title='bbox 645 2063 852 2116; x_wconf 91' lang='lat' dir='ltr'><strong>iactura</strong></span> <span class='ocrx_word' id='word_1_148' title='bbox 887 2068 1079 2130; x_wconf 75' lang='lat' dir='ltr'><strong>motus,</strong></span> <span class='ocrx_word' id='word_1_149' title='bbox 1131 2064 1369 2118; x_wconf 86' lang='lat' dir='ltr'><strong>basiavit</strong></span> <span class='ocrx_word' id='word_1_150' title='bbox 1413 2068 1638 2133; x_wconf 88' lang='lat' dir='ltr'><strong>puerum</strong></span> <span class='ocrx_word' id='word_1_151' title='bbox 1689 2081 1752 2117; x_wconf 90' lang='lat' dir='ltr'><strong>ae</strong></span> <span class='ocrx_word' id='word_1_152' title='bbox 1788 2064 1946 2118; x_wconf 92' lang='lat' dir='ltr'><strong>iussit</strong></span> <span class='ocrx_word' id='word_1_153' title='bbox 1983 2080 2143 2134; x_wconf 90' lang='lat' dir='ltr'><strong>super</strong></span> 
     </span>
     <span class='ocr_line' id='line_1_22' title="bbox 253 2154 2139 2226; baseline 0.005 -23"><span class='ocrx_word' id='word_1_154' title='bbox 253 2163 306 2203; x_wconf 80' lang='lat'><strong>20</strong></span> <span class='ocrx_word' id='word_1_155' title='bbox 341 2154 553 2208; x_wconf 87' lang='lat' dir='ltr'><strong>dorsum</strong></span> <span class='ocrx_word' id='word_1_156' title='bbox 592 2156 884 2209; x_wconf 88' lang='lat' dir='ltr'><strong>ascendere</strong></span> <span class='ocrx_word' id='word_1_157' title='bbox 924 2172 1096 2209; x_wconf 91' lang='lat' dir='ltr'><strong>suum.</strong></span> <span class='ocrx_word' id='word_1_158' title='bbox 1174 2174 1280 2210; x_wconf 91' lang='lat' dir='ltr'><strong>non</strong></span> <span class='ocrx_word' id='word_1_159' title='bbox 1317 2162 1553 2210; x_wconf 87' lang='lat' dir='ltr'><strong>moratus</strong></span> <span class='ocrx_word' id='word_1_160' title='bbox 1589 2157 1685 2210; x_wconf 90' lang='lat' dir='ltr'><strong>ille</strong></span> <span class='ocrx_word' id='word_1_161' title='bbox 1723 2173 1852 2210; x_wconf 89' lang='lat' dir='ltr'><strong>usus</strong></span> <span class='ocrx_word' id='word_1_162' title='bbox 1889 2164 1966 2208; x_wconf 79' lang='lat' dir='ltr'><strong>est</strong></span> <span class='ocrx_word' id='word_1_163' title='bbox 2003 2174 2139 2226; x_wconf 88' lang='lat' dir='ltr'><strong>equo</strong></span> 
     </span>
     <span class='ocr_line' id='line_1_23' title="bbox 339 2249 2138 2318; baseline 0.002 -19"><span class='ocrx_word' id='word_1_164' title='bbox 339 2264 606 2315; x_wconf 92' lang='lat' dir='ltr'><strong>manuque</strong></span> <span class='ocrx_word' id='word_1_165' title='bbox 643 2249 809 2318; x_wconf 91' lang='lat' dir='ltr'><strong>plena</strong></span> <span class='ocrx_word' id='word_1_166' title='bbox 847 2249 1099 2318; x_wconf 88' lang='lat' dir='ltr'><strong>scapulas</strong></span> <span class='ocrx_word' id='word_1_167' title='bbox 1137 2249 1252 2303; x_wconf 89' lang='lat' dir='ltr'><strong>eius</strong></span> <span class='ocrx_word' id='word_1_168' title='bbox 1279 2249 1506 2304; x_wconf 91' lang='lat' dir='ltr'><strong>subinde</strong></span> <span class='ocrx_word' id='word_1_169' title='bbox 1532 2250 1851 2315; x_wconf 80' lang='lat' dir='ltr'><strong>verberavit,</strong></span> <span class='ocrx_word' id='word_1_170' title='bbox 1895 2250 2138 2318; x_wconf 89' lang='lat' dir='ltr'><strong>interque</strong></span> 
     </span>
     <span class='ocr_line' id='line_1_24' title="bbox 337 2337 1954 2410; baseline 0.001 -18"><span class='ocrx_word' id='word_1_171' title='bbox 337 2340 505 2393; x_wconf 90' lang='lat' dir='ltr'><strong>risum</strong></span> <span class='ocrx_word' id='word_1_172' title='bbox 543 2341 914 2409; x_wconf 76' lang='lat' dir='ltr'><strong>proclamavit:</strong></span> <span class='ocrx_word' id='word_1_173' title='bbox 952 2339 1157 2408; x_wconf 77' lang='lat' dir='ltr'><strong>‘bueca‚</strong></span> <span class='ocrx_word' id='word_1_174' title='bbox 1203 2343 1390 2405; x_wconf 79' lang='lat' dir='ltr'><strong>bucca,</strong></span> <span class='ocrx_word' id='word_1_175' title='bbox 1435 2347 1563 2410; x_wconf 90' lang='lat' dir='ltr'><strong>quot</strong></span> <span class='ocrx_word' id='word_1_176' title='bbox 1600 2347 1724 2395; x_wconf 87' lang='lat' dir='ltr'><strong>sunt</strong></span> <span class='ocrx_word' id='word_1_177' title='bbox 1759 2337 1892 2396; x_wconf 53' lang='lat' dir='ltr'><strong>hiet?</strong></span> <span class='ocrx_word' id='word_1_178' title='bbox 1952 2356 1954 2359; x_wconf 74' lang='grc'>’</span> 
     </span>
     <span class='ocr_line' id='line_1_25' title="bbox 878 2423 2138 2505; baseline 0 -17"><span class='ocrx_word' id='word_1_179' title='bbox 878 2423 881 2425; x_wconf 52' lang='grc'><strong>’</strong></span> <span class='ocrx_word' id='word_1_180' title='bbox 1275 2451 1554 2505; x_wconf 90' lang='lat' dir='ltr'><strong>repressus</strong></span> <span class='ocrx_word' id='word_1_181' title='bbox 1616 2452 1742 2503; x_wconf 90' lang='lat' dir='ltr'><strong>ergo</strong></span> <span class='ocrx_word' id='word_1_182' title='bbox 1804 2435 2138 2503; x_wconf 91' lang='lat' dir='ltr'><strong>aliquamdiu</strong></span> 
     </span>
     <span class='ocr_line' id='line_1_26' title="bbox 338 2525 2138 2598; baseline 0.003 -21"><span class='ocrx_word' id='word_1_183' title='bbox 338 2525 666 2579; x_wconf 87' lang='lat' dir='ltr'><strong>Trimalchio</strong></span> <span class='ocrx_word' id='word_1_184' title='bbox 706 2527 988 2580; x_wconf 88' lang='lat' dir='ltr'><strong>camellam</strong></span> <span class='ocrx_word' id='word_1_185' title='bbox 1027 2527 1287 2596; x_wconf 86' lang='lat' dir='ltr'><strong>grandem</strong></span> <span class='ocrx_word' id='word_1_186' title='bbox 1341 2528 1499 2582; x_wconf 90' lang='lat' dir='ltr'><strong>iussit</strong></span> <span class='ocrx_word' id='word_1_187' title='bbox 1551 2528 1762 2582; x_wconf 89' lang='lat' dir='ltr'><strong>misceri</strong></span> <span class='ocrx_word' id='word_1_188' title='bbox 1807 2535 1859 2580; x_wconf 78' lang='lat' dir='ltr'><strong>et</strong></span> <span class='ocrx_word' id='word_1_189' title='bbox 1894 2530 2138 2598; x_wconf 90' lang='lat' dir='ltr'><strong>potiones</strong></span> 
     </span>
     <span class='ocr_line' id='line_1_27' title="bbox 250 2618 2138 2691; baseline 0.005 -25"><span class='ocrx_word' id='word_1_190' title='bbox 250 2626 305 2666; x_wconf 87' lang='lat'><strong>25</strong></span> <span class='ocrx_word' id='word_1_191' title='bbox 338 2618 517 2673; x_wconf 86' lang='lat' dir='ltr'><strong>dividi·</strong></span> <span class='ocrx_word' id='word_1_192' title='bbox 567 2619 813 2673; x_wconf 90' lang='lat' dir='ltr'><strong>omnibus</strong></span> <span class='ocrx_word' id='word_1_193' title='bbox 870 2620 1059 2689; x_wconf 84' lang='lat' dir='ltr'><strong>servis,</strong></span> <span class='ocrx_word' id='word_1_194' title='bbox 1122 2621 1214 2688; x_wconf 90' lang='lat' dir='ltr'><strong>qui</strong></span> <span class='ocrx_word' id='word_1_195' title='bbox 1269 2621 1340 2675; x_wconf 90' lang='lat' dir='ltr'><strong>ad</strong></span> <span class='ocrx_word' id='word_1_196' title='bbox 1387 2621 1557 2691; x_wconf 89' lang='lat' dir='ltr'><strong>pedes</strong></span> <span class='ocrx_word' id='word_1_197' title='bbox 1607 2621 1885 2685; x_wconf 88' lang='lat' dir='ltr'><strong>sedebant,</strong></span> <span class='ocrx_word' id='word_1_198' title='bbox 1923 2621 2138 2675; x_wconf 88' lang='lat' dir='ltr'><strong>adiecta</strong></span> 
     </span>
    </p>
   </div>
   <div class='ocr_carea' id='block_1_4' title="bbox 331 2979 675 2987">
    <p class='ocr_par' dir='ltr' id='par_1_4' title="bbox 331 2979 675 2987">
     <span class='ocr_line' id='line_1_28' title="bbox 331 2979 675 2987; baseline 0 0"><span class='ocrx_word' id='word_1_199' title='bbox 331 2979 675 2987; x_wconf 95' lang='lat' dir='ltr'><strong> </strong></span> 
     </span>
    </p>
   </div>
   <div class='ocr_carea' id='block_1_5' title="bbox 333 3072 2134 3292">
    <p class='ocr_par' dir='ltr' id='par_1_5' title="bbox 333 3072 2134 3292">
     <span class='ocr_line' id='line_1_29' title="bbox 453 3072 2134 3150; baseline 0.001 -17"><span class='ocrx_word' id='word_1_200' title='bbox 453 3092 478 3132; x_wconf 88' lang='lat'>5</span> <span class='ocrx_word' id='word_1_201' title='bbox 522 3091 763 3136; x_wconf 88' lang='lat' dir='ltr'><strong>semissem</strong></span> <span class='ocrx_word' id='word_1_202' title='bbox 807 3093 867 3135; x_wconf 89' lang='lat' dir='ltr'><em>H</em></span> <span class='ocrx_word' id='word_1_203' title='bbox 908 3072 1135 3137; x_wconf 84' lang='lat' dir='ltr'><strong>semesum</strong></span> <span class='ocrx_word' id='word_1_204' title='bbox 1177 3093 1415 3136; x_wconf 75' lang='lat' dir='ltr'><strong>Burmann</strong></span> <span class='ocrx_word' id='word_1_205' title='bbox 1464 3093 1585 3150; x_wconf 89' lang='lat' dir='ltr'><strong>[hac]</strong></span> <span class='ocrx_word' id='word_1_206' title='bbox 1620 3093 1868 3137; x_wconf 68' lang='lat' dir='ltr'><strong>Biichelerss</strong></span> <span class='ocrx_word' id='word_1_207' title='bbox 1906 3093 1995 3138; x_wconf 90' lang='lat' dir='ltr'><strong>hoc</strong></span> <span class='ocrx_word' id='word_1_208' title='bbox 2025 3092 2134 3137; x_wconf 82' lang='lat' dir='ltr'><strong>oder</strong></span> 
     </span>
     <span class='ocr_line' id='line_1_30' title="bbox 333 3158 2132 3222; baseline 0.002 -17"><span class='ocrx_word' id='word_1_209' title='bbox 333 3161 452 3206; x_wconf 88' lang='lat' dir='ltr'><strong>hanc</strong></span> <span class='ocrx_word' id='word_1_210' title='bbox 478 3163 793 3218; x_wconf 75' lang='lat' dir='ltr'><strong>Hadrianides</strong></span> <span class='ocrx_word' id='word_1_211' title='bbox 828 3158 950 3206; x_wconf 77' lang='lat' dir='ltr'><strong>‘haec</strong></span> <span class='ocrx_word' id='word_1_212' title='bbox 978 3162 1159 3221; x_wconf 71' lang='lat' dir='ltr'><strong>yravius</strong></span> <span class='ocrx_word' id='word_1_213' title='bbox 1190 3164 1366 3207; x_wconf 76' lang='lat' dir='ltr'><strong>turbata</strong></span> <span class='ocrx_word' id='word_1_214' title='bbox 1389 3168 1519 3221; x_wconf 74' lang='lat' dir='ltr'><strong>puto,</strong></span> <span class='ocrx_word' id='word_1_215' title='bbox 1558 3165 1647 3209; x_wconf 87' lang='lat' dir='ltr'><strong>hac</strong></span> <span class='ocrx_word' id='word_1_216' title='bbox 1678 3169 1936 3222; x_wconf 78' lang='lat' dir='ltr'><strong>corruptum</strong></span> <span class='ocrx_word' id='word_1_217' title='bbox 1965 3178 2019 3208; x_wconf 74' lang='lat' dir='ltr'><strong>ex</strong></span> <span class='ocrx_word' id='word_1_218' title='bbox 2046 3159 2132 3208; x_wconf 82' lang='lat' dir='ltr'><strong>lac&#39;</strong></span> 
     </span>
     <span class='ocr_line' id='line_1_31' title="bbox 335 3232 2130 3292; baseline 0.002 -16"><span class='ocrx_word' id='word_1_219' title='bbox 335 3233 578 3277; x_wconf 65' lang='lat' dir='ltr'><strong>Baebelffl</strong></span> <span class='ocrx_word' id='word_1_220' title='bbox 694 3236 718 3276; x_wconf 89' lang='grc'>6</span> <span class='ocrx_word' id='word_1_221' title='bbox 750 3232 896 3278; x_wconf 87' lang='lat' dir='ltr'><strong>officii</strong></span> <span class='ocrx_word' id='word_1_222' title='bbox 927 3232 1145 3278; x_wconf 66' lang='lat' dir='ltr'><strong>BiicheZer</strong></span> <span class='ocrx_word' id='word_1_223' title='bbox 1185 3234 1342 3280; x_wconf 87' lang='lat' dir='ltr'><strong>officio</strong></span> <span class='ocrx_word' id='word_1_224' title='bbox 1375 3237 1436 3280; x_wconf 87' lang='lat' dir='ltr'><em>H</em></span> <span class='ocrx_word' id='word_1_225' title='bbox 1545 3236 1599 3278; x_wconf 88' lang='grc'><strong>24</strong></span> <span class='ocrx_word' id='word_1_226' title='bbox 1630 3236 1815 3280; x_wconf 86' lang='lat' dir='ltr'><strong>misceri</strong></span> <span class='ocrx_word' id='word_1_227' title='bbox 1845 3241 1886 3280; x_wconf 74' lang='lat' dir='ltr'><strong>et</strong></span> <span class='ocrx_word' id='word_1_228' title='bbox 1914 3235 2130 3292; x_wconf 87' lang='lat' dir='ltr'><strong>potiones</strong></span> 
     </span>
    </p>
   </div>
   <div class='ocr_carea' id='block_1_6' title="bbox 331 3304 2131 3418">
    <p class='ocr_par' dir='ltr' id='par_1_6' title="bbox 331 3304 2131 3418">
     <span class='ocr_line' id='line_1_32' title="bbox 331 3304 2131 3366; baseline 0.002 -20"><span class='ocrx_word' id='word_1_229' title='bbox 331 3305 482 3348; x_wconf 67' lang='lat' dir='ltr'><strong>Ancon</strong></span> <span class='ocrx_word' id='word_1_230' title='bbox 529 3305 715 3351; x_wconf 82' lang='lat' dir='ltr'><strong>misceri</strong></span> <span class='ocrx_word' id='word_1_231' title='bbox 744 3305 1044 3363; x_wconf 77' lang='lat' dir='ltr'><strong>potionesque</strong></span> <span class='ocrx_word' id='word_1_232' title='bbox 1073 3307 1294 3351; x_wconf 72' lang='lat' dir='ltr'><strong>Bt&#39;icheler</strong></span> <span class='ocrx_word' id='word_1_233' title='bbox 1319 3308 1359 3351; x_wconf 87' lang='lat' dir='ltr'><strong><em>I</em></strong></span> <span class='ocrx_word' id='word_1_234' title='bbox 1389 3304 1564 3352; x_wconf 80' lang='lat' dir='ltr'><strong>‘vereor</strong></span> <span class='ocrx_word' id='word_1_235' title='bbox 1593 3322 1648 3351; x_wconf 81' lang='lat' dir='ltr'><strong>ne</strong></span> <span class='ocrx_word' id='word_1_236' title='bbox 1670 3309 1810 3366; x_wconf 78' lang='lat' dir='ltr'><strong>plura</strong></span> <span class='ocrx_word' id='word_1_237' title='bbox 1840 3307 1997 3351; x_wconf 75' lang='lat' dir='ltr'><strong>desint’</strong></span> <span class='ocrx_word' id='word_1_238' title='bbox 2029 3307 2131 3350; x_wconf 76' lang='lat' dir='ltr'><strong>Ba·-</strong></span> 
     </span>
     <span class='ocr_line' id='line_1_33' title="bbox 332 3374 1360 3418; baseline 0.003 -2"><span class='ocrx_word' id='word_1_239' title='bbox 332 3374 503 3418; x_wconf 70' lang='lat' dir='ltr'><strong>chelm-3</strong></span> <span class='ocrx_word' id='word_1_240' title='bbox 1077 3391 1084 3398; x_wconf 92' lang='lat'><strong>·</strong></span> <span class='ocrx_word' id='word_1_241' title='bbox 1356 3376 1360 3377; x_wconf 46' lang='lat'><em>⁷</em></span> 
     </span>
    </p>
   </div>
  </div>
 </body>
</html>
