2418 3762
357 257 458 307 174
992 250 1118 298 Cena
1146 251 1518 299 Trimalchionis.
1998 244 2002 248 ’
2181 285 2326 327 Buche

352 400 474 450 sunt
511 400 604 450 aut
641 400 784 449 certe
823 394 891 448 dc
927 395 1055 449 luto.
1107 394 1222 448 vidi
1248 395 1448 450 Romae
1474 395 1849 451 Saturnalibus
1887 396 2145 451 eiusmodi
2180 355 2265 454 Hp·
2291 343 2348 385 46

267 494 334 545 70
351 504 601 543 cenarum
661 486 953 556 imaginem
1012 481 1166 541 fieri’.
1242 486 1470 542 necdum
1523 488 1768 543 finieram
1824 504 2138 557 sermonem,

351 598 471 635 cum
497 579 823 634 Trimalchio
861 579 961 634 ait:
1000 574 1098 634 ‘ita
1123 595 1359 642 crescam
1382 582 1717 650 patrimonio,
1761 598 1866 635 non
1906 598 2139 653 corpore,

349 678 409 727 ut
442 673 548 727 ista
584 688 742 726 cocus
790 688 941 726 meus
980 671 1048 726 de
1085 688 1244 741 porco
1284 671 1426 728 fecit.
1491 677 1612 728 'non
1648 679 1827 745 potest
1863 691 1983 729 esse
2019 692 2145 746 pre-

292 785 315 823 5
348 766 532 820 tiosior
566 765 739 820 homo.
815 765 1068 832 volueris,
1113 764 1181 820 de
1219 766 1384 822 vulva
1421 765 1584 821 faciet
1621 767 1840 837 piscem,
1886 768 1953 822 de
1992 769 2144 847 lardo

347 858 672 928 palumbum,
718 857 785 912 de
823 874 990 927 perna
1025 862 1300 925 turturem,
1348 858 1416 914 de
1454 859 1694 930 colaepio
1732 861 2010 929 gallinam.
2089 867 2142 915 et
2173 869 2352 910 Bfiohel

345 950 470 1005 ideo
517 949 734 1019 ingenio
784 966 902 1004 meo
939 951 1245 1021 impositum
1284 956 1366 1006 est
1402 951 1482 1005 illi
1520 968 1714 1006 nomen
1752 953 2133 1019 bellissimum3

345 1026 470 1098 nam
506 1042 787 1097 Daedalus
836 1049 1072 1097 vocatur.
1160 1049 1212 1098 et
1257 1045 1383 1112 quia
1431 1045 1624 1098 bonam
1677 1052 1908 1100 mentem
1954 1045 2137 1113 habet,

344 1135 501 1190 attuli
536 1135 619 1189 illi
656 1137 828 1190 Roma
863 1153 1056 1190 munus
1095 1137 1292 1191 cultros
1328 1137 1522 1191 Norico
1561 1133 1733 1191 ferro³.
1792 1155 1924 1206 quos
1961 1139 2141 1194 statim

261 1247 313 1287 10
342 1228 500 1284 iussit
542 1228 723 1282 afferri
768 1229 1146 1299 inspectosque
1196 1230 1418 1284 miratus
1463 1235 1562 1284 est.
1642 1231 1803 1284 etiam
1849 1231 2005 1285 nobis
2043 1249 2143 1300 po-

341 1326 591 1375 testatem
629 1321 774 1387 fecit‚
817 1327 876 1375 ut
912 1337 1219 1375 mucronem
1257 1321 1330 1375 ad
1366 1322 1590 1376 buccam
1627 1323 1991 1391 probaremus.

486 1413 661 1467 subito
699 1413 1032 1466 intraverunt
1069 1414 1174 1468 duo
1212 1414 1381 1482 servi,
1434 1421 1691 1483 tanquam
1730 1415 1822 1483 qui
1858 1415 2031 1469 rixam
2069 1416 2141 1470 ad
2209 1433 2222 1465 ι

341 1506 518 1560 lacum
553 1505 836 1570 fecissent3
882 1510 1022 1559 certe
1058 1493 1115 1559 in
1153 1508 1288 1561 collo
1328 1507 1504 1560 adhuc
1537 1507 1826 1577 amphoras
1850 1509 2135 1562 habebant.
2168 1569 2171 1571 ,

342 1614 462 1651 611111
511 1614 637 1666 ergo
676 1597 1001 1652 Trimalchio
1049 1600 1134 1653 ius
1171 1600 1309 1654 inter
1346 1599 1622 1669 litigantes
1662 1600 1892 1669 diceret,
1947 1607 2140 1655 neuter

257 1710 308 1750 15
340 1691 660 1745 sententiam
697 1691 820 1745 tulit
856 1690 1208 1757 decernentis,
1254 1691 1352 1746 sed
1388 1693 1612 1748 alterius
1650 1694 1963 1764 amphoram
1997 1694 2139 1748 fuste

338 1784 620 1854 percussit.
699 1785 1023 1839 consternati
1068 1801 1166 1839 nos
1213 1786 1501 1840 insolentia
1544 1787 1808 1842 ebriorum
1844 1787 2138 1841 intentavi-
2195 1847 2198 1848 ⁷

311 1869 456 1933 >mus
507 1877 688 1931 oculos
735 1877 793 1930 in
840 1878 1167 1948 proeliantes
1204 1878 1613 1948 notavimusque
1651 1885 1827 1935 ostrea
1866 1879 2136 1948 pectines·
2209 1871 2229 1884 ⁹

240 2029 244 2033 ‚
327 1968 441 2038 'que
480 1987 510 2037 e
547 1970 744 2039 gastris
782 1970 1047 2038 labentia,
1109 1987 1247 2038 quae
1286 1972 1510 2026 collecta
1546 1989 1679 2043 puer
1713 1973 1871 2026 lance
1910 1972 2135 2027 circum-

258 2108 268 2116 .
337 2062 472 2115 tulit.
553 2062 652 2116 has
702 2063 943 2118 lautitias
990 2064 1250 2130 aequavit
1293 2065 1604 2133 ingeniosus
1644 2082 1828 2133 cocus;
1877 2066 1935 2118 in
1974 2065 2136 2119 crati-

251 2174 306 2216 20
338 2154 460 2207 cula
509 2154 650 2208 enim
699 2160 958 2225 argentea
1003 2155 1249 2209 cochleas
1297 2157 1478 2211 attulit
1523 2162 1577 2212 et
1622 2158 1852 2213 tremula
1888 2159 2134 2215 taeterri-

337 2262 530 2314 maque
568 2237 712 2301 voce*
739 2248 988 2302 cantavit.

443 3225 467 3265 5
499 3224 643 3269 vulva
672 3224 894 3269 Bucheler
931 3224 1058 3270 buna
1089 3226 1150 3270 H
1168 3218 1330 3271 balba·
1354 3212 1551 3285 Scheffer
1684 3227 1710 3268 9
1741 3225 1879 3272 attuli
1906 3226 2122 3270 Heinsius

326 3294 484 3338 attulit
513 3295 571 3336 H
684 3298 736 3338 10
768 3295 908 3341 etiam
937 3296 1086 3351 nobis]
1114 3296 1268 3354 potius
1305 3299 1353 3342 et
1379 3297 1518 3344 nobis
1548 3297 1788 3342 Baehezess
1991 3297 2041 3338 13
2073 3297 2120 3340 in

328 3365 449 3409 collo
482 3366 700 3411 Heinsius
738 3367 787 3411 in
818 3368 921 3412 loco
951 3369 1011 3411 H
