2418 3762
311 238 413 290 130
948 231 1077 278 Cena
1106 229 1479 277 Trimalchionis.
2147 261 2335 302 Bfichele
2362 269 2380 286 ,.

305 375 418 446 bat,
461 376 654 445 quibus
690 373 894 429 meritis
926 366 1273 429 *revocaretur
1309 372 1382 427 ad
1419 389 1624 427 cenam.
1714 377 1948 427 ceterum
1994 372 2117 425 lau-
2151 329 2245 429 HP·
2264 317 2318 359 34
2376 371 2377 374 ¹
2417 356 2418 404 i

309 469 467 523 datus
515 466 840 521 Trimalchio
894 466 1124 520 hilarius
1181 465 1318 521 bibit
1366 466 1432 521 et'
1478 466 1587 521 iam
1639 466 1784 519 ebrio
1844 463 2120 535 proximus

308 554 497 616 ‘nemo'
539 559 713 628 inquit
743 553 1002 613 ‘vestrum
1039 564 1196 628 rogat
1222 558 1568 613 Fortunatam
1594 574 1788 626 meam,
1834 563 1894 611 ut
1921 548 2123 611 saltet?

310 653 512 709 credite
549 652 702 706 mihi:
744 651 1024 706 cordacem
1060 668 1216 706 nemo
1254 650 1448 705 melius
1487 645 1664 705 ducit².

252 757 277 798 5
310 746 472 815 'atque
509 745 628 815 ipse
667 744 856 799 erectis
896 759 1060 814 supra
1096 743 1325 798 frontem
1371 743 1619 798 manibus
1659 742 1854 812 Syrum
1901 741 2120 796 histrio-

307 855 433 893 nem
461 838 750 892 exhibebat
775 837 1087 891 concinente
1112 842 1226 891 tota
1252 835 1483 890 familia:
1529 835 1744 888 madeia
1770 834 2113 904 perimadeia.

312 936 366 985 et
385 929 654 1001 prodisset
672 929 728 983 in
747 929 1000 998 medium,
1032 928 1139 982 nisi
1159 929 1454 983 Fortunata
1474 927 1545 980 ad
1566 944 1748 980 aurem
1769 926 2114 991 accessisset3

312 1023 399 1092 [et]
445 1022 618 1088 cred0,
661 1021 856 1076 dixerit
890 1038 997 1076 non
1024 1021 1215 1075 decere
1242 1020 1562 1089 gravitatem
1590 1019 1707 1072 eius
1744 1024 1853 1073 tam
1890 1018 2123 1072 humiles

309 1114 559 1186 ineptias.
607 1113 742 1168 nihil
781 1119 961 1168 autem
998 1120 1110 1168 tam
1146 1112 1432 1181 inaequale
1471 1117 1613 1177 erat3
1657 1128 1782 1164 nam
1808 1111 1966 1165 modo
1991 1112 2124 1164 For-
2155 1115 2357 1155 Biichel

228 1213 281 1254 10
314 1212 558 1263 tunatam
599 1209 889 1274 verebatur,
935 1206 1091 1259 modo
1131 1205 1204 1259 ad
1239 1210 1485 1258 naturam
1535 1220 1688 1257 suam
1734 1203 2116 1258 revertebatur.
2206 1185 2250 1224 P·
2268 1171 2323 1212 35

229 1300 297 1351 53
458 1304 511 1354 et
546 1300 708 1369 plane
756 1297 1121 1368 interpellavit
1169 1297 1472 1351 saltationis
1510 1296 1790 1350 libidinem
1829 1297 2119 1361 actuarius,

314 1392 406 1461 qui
442 1397 698 1459 tanquam
738 1391 884 1444 urbis
923 1396 1044 1444 acta
1069 1389 1344 1444 recitavit:
1382 1384 1524 1442 ‘VIL
1564 1388 1832 1442 kalendas
1871 1388 2117 1442 sextiles:

312 1485 369 1539 in
393 1470 614 1554 ffiiaedio
642 1483 896 1551 Cumano,
939 1482 1083 1551 quod
1109 1486 1192 1536 est
1216 1481 1649 1549 TrimalchioniS,
1679 1482 1795 1535 nati
1824 1486 1946 1535 sunt
1971 1480 2126 1550 pueri

313 1577 491 1644 XXX,
545 1576 761 1646 puellae
800 1575 925 1642 XL;
982 1575 1198 1630 sublata
1252 1574 1311 1627 in
1365 1574 1618 1628 horreum
1673 1591 1740 1628 ex
1791 1591 1920 1627 area
1962 1573 2126 1628 tritici

230 1675 282 1715 15
313 1669 484 1723 millia
523 1669 756 1723 modium
799 1668 1119 1737 quingenta3
1165 1668 1332 1722 boves
1371 1666 1555 1721 domiti
1581 1667 1878 1736 quingenti.
1935 1666 2126 1720 eodem

316 1762 430 1816 die:
493 1761 831 1816 Mithridates
889 1777 1075 1815 servus
1128 1760 1186 1815 in
1240 1777 1452 1815 erucem
1508 1764 1659 1814 actus
1691 1764 1809 1828 est,
1854 1759 1981 1827 quia
2019 1758 2127 1812 Grai

314 1855 480 1909 nostri
518 1854 677 1923 genio
715 1854 857 1908 male
897 1854 1128 1908 dixerat.
1199 1853 1389 1907 eodem
1427 1852 1541 1906 die:
1582 1852 1641 1905 in
1679 1831 1859 1906 arcam
1895 1851 2126 1904 relatum

317 1954 412 2015 est,
460 1947 606 2015 quod
644 1946 893 2000 collocari
929 1963 1034 2000 non
1065 1946 1254 2016 potuit,
1302 1945 1608 1999 sestertium
1645 1944 1866 1998 centies.
1936 1943 2126 1997 eodem

318 2039 429 2093 die:
484 2039 792 2092 incendium
844 2038 1045 2092 factum
1093 2043 1176 2092 est
1226 2039 1283 2091 in
1329 2037 1496 2091 hortis
1534 2036 1895 2106 Pompeianis,
1952 2041 2126 2088 ortum

229 2138 285 2180 20
317 2147 386 2184 ex
438 2131 667 2185 aedibus
723 2131 929 2185 Nastae
996 2125 1180 2185 vilici³.
1295 2123 1489 2198 ‘quidi²
1560 2129 1734 2197 inquit
1796 2127 2125 2181 Trimalchio

321 2218 550 2291 ‘quando
600 2223 732 2276 mihi
769 2222 1084 2293 Pompeiani
1135 2221 1277 2276 horti
1315 2222 1477 2292 empti
1518 2216 1690 2275 sunt?³
1732 2216 1895 2275 ‘anno
1931 2216 2119 2289 priore'

315 2314 490 2383 inquit
528 2316 798 2369 actuarius
831 2310 908 2369 ‘et
953 2315 1076 2369 ideo
1120 2315 1177 2368 in
1223 2314 1485 2368 rationem
1534 2313 1772 2368 nondum
1822 2276 2121 2367 venerunt.⁴³

318 2407 606 2461 excanduit
652 2407 976 2461 Trimalchio
1035 2412 1088 2461 et
1129 2401 1468 2475 ‘quicunque'
1527 2406 1702 2474 inquit
1759 2403 1907 2459 'mihi
1970 2404 2126 2458 fundi

434 3064 460 3105 6
491 3062 675 3106 madeia
703 3060 993 3117 perimadeia
1025 3062 1085 3105 H
1112 3057 1283 3104 Μάδεια
1313 3058 1575 3118 Περιμάδεια
1604 3060 1829 3105 Biicheler
1962 3061 1988 3101 9
2017 3071 2125 3103 nam

319 3133 459 3177 modo
488 3158 547 3165 —
579 3134 630 3175 10
661 3132 986 3179 revertebatur
1021 3132 1105 3176 wie
1142 3132 1205 3175 im
1252 3131 1362 3175 Text
1401 3131 1620 3176 Bacheler
1651 3132 1744 3185 (der
1774 3128 1987 3184 hemerkt,
2021 3129 2125 3172 dass

319 3204 466 3247 himer
493 3204 798 3249 Fortunatam
836 3203 1055 3247 vielleicht
1094 3199 1230 3247 etwas
1268 3202 1351 3246 wie
1389 3202 1713 3260 indignantem
1751 3201 2026 3259 ausyqfallen
2066 3202 2127 3243 ist

318 3299 377 3306 -—
404 3275 633 3318 verebatur
662 3276 792 3319 sehon
825 3274 1055 3326 Heinsius)
1099 3287 1206 3319 nam
1244 3275 1385 3319 modo
1415 3274 1723 3320 Fortunatam
1751 3285 1883 3318 suam
1911 3274 2125 3317 reverte-

319 3345 460 3390 batur
488 3346 628 3391 modo
659 3346 720 3391 ad
749 3350 964 3391 naturam
994 3349 1042 3389 et
1076 3346 1137 3389 H
