<?xml version="1.0" encoding="UTF-8"?>
<!DOCTYPE html PUBLIC "-//W3C//DTD XHTML 1.0 Transitional//EN"
    "http://www.w3.org/TR/xhtml1/DTD/xhtml1-transitional.dtd">
<html xmlns="http://www.w3.org/1999/xhtml" xml:lang="en" lang="en">
 <head>
  <title>
</title>
<meta http-equiv="Content-Type" content="text/html;charset=utf-8" />
  <meta name='ocr-system' content='tesseract 3.04.00' />
  <meta name='ocr-capabilities' content='ocr_page ocr_carea ocr_par ocr_line ocrx_word'/>
</head>
<body>
  <div class='ocr_page' id='page_1' title='image "./petroniicenatrim00petruoft_0094.png"; bbox 0 0 2418 3762; ppageno 0'>
   <div class='ocr_carea' id='block_1_1' title="bbox 2316 0 2418 3762">
    <p class='ocr_par' dir='ltr' id='par_1_1' title="bbox 2316 0 2418 3762">
     <span class='ocr_line' id='line_1_1' title="bbox 2316 0 2418 3762; baseline 0 0"><span class='ocrx_word' id='word_1_1' title='bbox 2316 0 2418 3762; x_wconf 95' lang='lat' dir='ltr'> </span> 
     </span>
    </p>
   </div>
   <div class='ocr_carea' id='block_1_2' title="bbox 247 270 2327 348">
    <p class='ocr_par' dir='ltr' id='par_1_2' title="bbox 247 270 2327 348">
     <span class='ocr_line' id='line_1_2' title="bbox 247 270 2327 348; baseline -0.004 -29"><span class='ocrx_word' id='word_1_2' title='bbox 247 275 313 326; x_wconf 89' lang='grc'>84</span> <span class='ocrx_word' id='word_1_3' title='bbox 883 271 1010 317; x_wconf 84' lang='lat' dir='ltr'>Cena</span> <span class='ocrx_word' id='word_1_4' title='bbox 1039 270 1411 317; x_wconf 79' lang='lat' dir='ltr'><strong>Trimalchionis.</strong></span> <span class='ocrx_word' id='word_1_5' title='bbox 2081 304 2327 348; x_wconf 33' lang='lat' dir='ltr'><strong>mehele&amp;</strong></span> 
     </span>
    </p>
   </div>
   <div class='ocr_carea' id='block_1_3' title="bbox 241 362 2283 483">
    <p class='ocr_par' dir='ltr' id='par_1_3' title="bbox 241 362 2283 483">
     <span class='ocr_line' id='line_1_3' title="bbox 241 362 2283 483; baseline 0.003 -15"><span class='ocrx_word' id='word_1_6' title='bbox 241 414 416 482; x_wconf 90' lang='lat' dir='ltr'>inquit</span> <span class='ocrx_word' id='word_1_7' title='bbox 447 408 705 468; x_wconf 80' lang='lat' dir='ltr'>‘nondum</span> <span class='ocrx_word' id='word_1_8' title='bbox 743 412 874 466; x_wconf 93' lang='lat' dir='ltr'>mihi</span> <span class='ocrx_word' id='word_1_9' title='bbox 911 428 1079 466; x_wconf 89' lang='lat' dir='ltr'>suave</span> <span class='ocrx_word' id='word_1_10' title='bbox 1118 418 1234 467; x_wconf 91' lang='lat' dir='ltr'>erat</span> <span class='ocrx_word' id='word_1_11' title='bbox 1270 413 1327 467; x_wconf 89' lang='lat' dir='ltr'>in</span> <span class='ocrx_word' id='word_1_12' title='bbox 1363 414 1653 469; x_wconf 86' lang='lat' dir='ltr'>triclinium</span> <span class='ocrx_word' id='word_1_13' title='bbox 1701 416 1901 483; x_wconf 82' lang='lat' dir='ltr'>venire,</span> <span class='ocrx_word' id='word_1_14' title='bbox 1955 416 2054 471; x_wconf 86' lang='lat' dir='ltr'>sed</span> <span class='ocrx_word' id='word_1_15' title='bbox 2084 362 2283 476; x_wconf 56' lang='grc' dir='ltr'>Ηῖῃ</span> 
     </span>
    </p>
   </div>
   <div class='ocr_carea' id='block_1_4' title="bbox 139 506 2304 2405">
    <p class='ocr_par' dir='ltr' id='par_1_4' title="bbox 139 506 2304 2405">
     <span class='ocr_line' id='line_1_4' title="bbox 243 506 2054 578; baseline 0.001 -18"><span class='ocrx_word' id='word_1_16' title='bbox 243 524 310 560; x_wconf 89' lang='lat' dir='ltr'>ne</span> <span class='ocrx_word' id='word_1_17' title='bbox 351 506 550 561; x_wconf 90' lang='lat' dir='ltr'>diutius</span> <span class='ocrx_word' id='word_1_18' title='bbox 589 506 897 560; x_wconf 81' lang='lat' dir='ltr'>absentivos</span> <span class='ocrx_word' id='word_1_19' title='bbox 936 522 1117 560; x_wconf 86' lang='lat' dir='ltr'>morae</span> <span class='ocrx_word' id='word_1_20' title='bbox 1156 506 1308 560; x_wconf 88' lang='lat' dir='ltr'>vobis</span> <span class='ocrx_word' id='word_1_21' title='bbox 1335 521 1523 574; x_wconf 87' lang='lat' dir='ltr'>essem,</span> <span class='ocrx_word' id='word_1_22' title='bbox 1563 507 1895 578; x_wconf 88' lang='lat' dir='ltr'>voluptatem</span> <span class='ocrx_word' id='word_1_23' title='bbox 1921 508 2054 562; x_wconf 91' lang='lat' dir='ltr'>mihi</span> 
     </span>
     <span class='ocr_line' id='line_1_5' title="bbox 241 593 2054 671; baseline 0.002 -19"><span class='ocrx_word' id='word_1_24' title='bbox 241 599 457 668; x_wconf 86' lang='lat' dir='ltr'>negavi.</span> <span class='ocrx_word' id='word_1_25' title='bbox 535 598 856 669; x_wconf 89' lang='lat' dir='ltr'>permittetis</span> <span class='ocrx_word' id='word_1_26' title='bbox 882 602 1064 652; x_wconf 88' lang='lat' dir='ltr'>tamen</span> <span class='ocrx_word' id='word_1_27' title='bbox 1101 597 1242 651; x_wconf 89' lang='lat' dir='ltr'>finiri</span> <span class='ocrx_word' id='word_1_28' title='bbox 1266 593 1479 652; x_wconf 77' lang='lat' dir='ltr'>lusum.³</span> <span class='ocrx_word' id='word_1_29' title='bbox 1559 601 1882 668; x_wconf 80' lang='lat' dir='ltr'><strong>sequebatur</strong></span> <span class='ocrx_word' id='word_1_30' title='bbox 1917 618 2054 671; x_wconf 89' lang='lat' dir='ltr'>puer</span> 
     </span>
     <span class='ocr_line' id='line_1_6' title="bbox 242 683 2051 761; baseline 0.002 -18"><span class='ocrx_word' id='word_1_31' title='bbox 242 707 360 744; x_wconf 91' lang='lat' dir='ltr'>cum</span> <span class='ocrx_word' id='word_1_32' title='bbox 399 691 582 745; x_wconf 90' lang='lat' dir='ltr'>tabula</span> <span class='ocrx_word' id='word_1_33' title='bbox 619 683 982 744; x_wconf 74' lang='lat' dir='ltr'>terebinthina</span> <span class='ocrx_word' id='word_1_34' title='bbox 1023 695 1075 744; x_wconf 89' lang='lat' dir='ltr'>et</span> <span class='ocrx_word' id='word_1_35' title='bbox 1113 690 1440 760; x_wconf 79' lang='lat' dir='ltr'><strong>crystallinis</strong></span> <span class='ocrx_word' id='word_1_36' title='bbox 1478 693 1718 760; x_wconf 76' lang='lat' dir='ltr'>tesseriS,</span> <span class='ocrx_word' id='word_1_37' title='bbox 1762 694 2051 761; x_wconf 84' lang='lat' dir='ltr'><strong>notavique</strong></span> 
     </span>
     <span class='ocr_line' id='line_1_7' title="bbox 185 782 2052 854; baseline 0.004 -23"><span class='ocrx_word' id='word_1_38' title='bbox 185 792 209 831; x_wconf 87' lang='lat'>5</span> <span class='ocrx_word' id='word_1_39' title='bbox 241 799 352 836; x_wconf 88' lang='lat' dir='ltr'>rem</span> <span class='ocrx_word' id='word_1_40' title='bbox 401 783 637 835; x_wconf 88' lang='lat' dir='ltr'>omnium</span> <span class='ocrx_word' id='word_1_41' title='bbox 680 782 1138 836; x_wconf 78' lang='lat' dir='ltr'>delicatissimam.</span> <span class='ocrx_word' id='word_1_42' title='bbox 1218 800 1311 853; x_wconf 90' lang='lat' dir='ltr'>pro</span> <span class='ocrx_word' id='word_1_43' title='bbox 1350 783 1574 838; x_wconf 88' lang='lat' dir='ltr'>calculis</span> <span class='ocrx_word' id='word_1_44' title='bbox 1612 786 1789 852; x_wconf 42' lang='lat' dir='ltr'>enim?</span> <span class='ocrx_word' id='word_1_45' title='bbox 1804 786 1944 854; x_wconf 84' lang='lat' dir='ltr'>albis</span> <span class='ocrx_word' id='word_1_46' title='bbox 1988 803 2052 840; x_wconf 90' lang='lat' dir='ltr'>ac</span> 
     </span>
     <span class='ocr_line' id='line_1_8' title="bbox 238 874 2051 944; baseline 0.002 -17"><span class='ocrx_word' id='word_1_47' title='bbox 238 874 410 943; x_wconf 84' lang='lat' dir='ltr'>nigris</span> <span class='ocrx_word' id='word_1_48' title='bbox 447 891 638 929; x_wconf 90' lang='lat' dir='ltr'>aureos</span> <span class='ocrx_word' id='word_1_49' title='bbox 666 879 1059 944; x_wconf 85' lang='lat' dir='ltr'>argenteosque</span> <span class='ocrx_word' id='word_1_50' title='bbox 1085 875 1321 930; x_wconf 88' lang='lat' dir='ltr'>habebat</span> <span class='ocrx_word' id='word_1_51' title='bbox 1346 875 1608 930; x_wconf 87' lang='lat' dir='ltr'>denarios.</span> <span class='ocrx_word' id='word_1_52' title='bbox 1683 877 1895 931; x_wconf 81' lang='lat' dir='ltr'>interim</span> <span class='ocrx_word' id='word_1_53' title='bbox 1922 877 2051 931; x_wconf 91' lang='lat' dir='ltr'>dum</span> 
     </span>
     <span class='ocr_line' id='line_1_9' title="bbox 236 966 2051 1038; baseline 0.003 -20"><span class='ocrx_word' id='word_1_54' title='bbox 236 966 330 1019; x_wconf 90' lang='lat' dir='ltr'>ille</span> <span class='ocrx_word' id='word_1_55' title='bbox 370 967 603 1020; x_wconf 89' lang='lat' dir='ltr'>omnium</span> <span class='ocrx_word' id='word_1_56' title='bbox 643 972 907 1021; x_wconf 84' lang='lat' dir='ltr'>textorum</span> <span class='ocrx_word' id='word_1_57' title='bbox 947 967 1093 1021; x_wconf 86' lang='lat' dir='ltr'>dicta</span> <span class='ocrx_word' id='word_1_58' title='bbox 1126 967 1269 1021; x_wconf 89' lang='lat' dir='ltr'>inter</span> <span class='ocrx_word' id='word_1_59' title='bbox 1293 969 1471 1022; x_wconf 87' lang='lat' dir='ltr'>lusum</span> <span class='ocrx_word' id='word_1_60' title='bbox 1498 968 1779 1033; x_wconf 80' lang='lat' dir='ltr'>consumit,</span> <span class='ocrx_word' id='word_1_61' title='bbox 1823 973 2051 1038; x_wconf 84' lang='lat' dir='ltr'>gustan—</span> 
     </span>
     <span class='ocr_line' id='line_1_10' title="bbox 237 1059 2051 1130; baseline 0.003 -19"><span class='ocrx_word' id='word_1_62' title='bbox 237 1059 379 1112; x_wconf 87' lang='lat' dir='ltr'>tibus</span> <span class='ocrx_word' id='word_1_63' title='bbox 416 1059 592 1114; x_wconf 91' lang='lat' dir='ltr'>adhuc</span> <span class='ocrx_word' id='word_1_64' title='bbox 630 1061 784 1114; x_wconf 89' lang='lat' dir='ltr'>nobis</span> <span class='ocrx_word' id='word_1_65' title='bbox 825 1060 1196 1130; x_wconf 91' lang='lat' dir='ltr'>repositorium</span> <span class='ocrx_word' id='word_1_66' title='bbox 1236 1060 1455 1114; x_wconf 88' lang='lat' dir='ltr'>allatum</span> <span class='ocrx_word' id='word_1_67' title='bbox 1496 1066 1579 1114; x_wconf 89' lang='lat' dir='ltr'>est</span> <span class='ocrx_word' id='word_1_68' title='bbox 1615 1077 1735 1114; x_wconf 90' lang='lat' dir='ltr'>cum</span> <span class='ocrx_word' id='word_1_69' title='bbox 1775 1062 1950 1129; x_wconf 83' lang='lat' dir='ltr'>corbe,</span> <span class='ocrx_word' id='word_1_70' title='bbox 1992 1064 2051 1116; x_wconf 92' lang='lat' dir='ltr'>in</span> 
     </span>
     <span class='ocr_line' id='line_1_11' title="bbox 238 1142 2048 1222; baseline 0.002 -17"><span class='ocrx_word' id='word_1_71' title='bbox 238 1168 340 1219; x_wconf 89' lang='lat' dir='ltr'>quo</span> <span class='ocrx_word' id='word_1_72' title='bbox 378 1152 588 1220; x_wconf 84' lang='lat' dir='ltr'>gallina</span> <span class='ocrx_word' id='word_1_73' title='bbox 625 1157 742 1206; x_wconf 93' lang='lat' dir='ltr'>erat</span> <span class='ocrx_word' id='word_1_74' title='bbox 778 1154 964 1222; x_wconf 83' lang='lat' dir='ltr'>lignea</span> <span class='ocrx_word' id='word_1_75' title='bbox 999 1142 1309 1222; x_wconf 88' lang='lat' dir='ltr'>patentibus</span> <span class='ocrx_word' id='word_1_76' title='bbox 1346 1152 1404 1206; x_wconf 91' lang='lat' dir='ltr'>in</span> <span class='ocrx_word' id='word_1_77' title='bbox 1448 1153 1628 1207; x_wconf 92' lang='lat' dir='ltr'>orbem</span> <span class='ocrx_word' id='word_1_78' title='bbox 1680 1154 1803 1221; x_wconf 87' lang='lat' dir='ltr'>alis,</span> <span class='ocrx_word' id='word_1_79' title='bbox 1858 1155 2048 1222; x_wconf 88' lang='lat' dir='ltr'>quales</span> 
     </span>
     <span class='ocr_line' id='line_1_12' title="bbox 153 1245 2048 1313; baseline 0.004 -19"><span class='ocrx_word' id='word_1_80' title='bbox 153 1254 204 1295; x_wconf 86' lang='lat'>10</span> <span class='ocrx_word' id='word_1_81' title='bbox 238 1258 357 1297; x_wconf 91' lang='lat' dir='ltr'>esse</span> <span class='ocrx_word' id='word_1_82' title='bbox 396 1245 569 1298; x_wconf 88' lang='lat' dir='ltr'>solent</span> <span class='ocrx_word' id='word_1_83' title='bbox 616 1262 753 1313; x_wconf 89' lang='lat' dir='ltr'>quae</span> <span class='ocrx_word' id='word_1_84' title='bbox 803 1245 1063 1299; x_wconf 89' lang='lat' dir='ltr'>incubant</span> <span class='ocrx_word' id='word_1_85' title='bbox 1114 1262 1231 1298; x_wconf 89' lang='lat' dir='ltr'>ova.</span> <span class='ocrx_word' id='word_1_86' title='bbox 1312 1261 1590 1299; x_wconf 80' lang='lat' dir='ltr'>accessere</span> <span class='ocrx_word' id='word_1_87' title='bbox 1640 1247 1890 1301; x_wconf 90' lang='lat' dir='ltr'>continuo</span> <span class='ocrx_word' id='word_1_88' title='bbox 1942 1247 2048 1303; x_wconf 91' lang='lat' dir='ltr'>duo</span> 
     </span>
     <span class='ocr_line' id='line_1_13' title="bbox 236 1327 2049 1409; baseline 0.003 -20"><span class='ocrx_word' id='word_1_89' title='bbox 236 1337 376 1389; x_wconf 89' lang='lat' dir='ltr'>servi</span> <span class='ocrx_word' id='word_1_90' title='bbox 426 1342 479 1390; x_wconf 91' lang='lat' dir='ltr'>et</span> <span class='ocrx_word' id='word_1_91' title='bbox 524 1337 846 1407; x_wconf 87' lang='lat' dir='ltr'>symphonia</span> <span class='ocrx_word' id='word_1_92' title='bbox 893 1342 1165 1406; x_wconf 89' lang='lat' dir='ltr'>strepente</span> <span class='ocrx_word' id='word_1_93' title='bbox 1211 1337 1437 1391; x_wconf 87' lang='lat' dir='ltr'>scrutari</span> <span class='ocrx_word' id='word_1_94' title='bbox 1491 1338 1707 1406; x_wconf 88' lang='lat' dir='ltr'>paleam</span> <span class='ocrx_word' id='word_1_95' title='bbox 1757 1327 2049 1409; x_wconf 86' lang='lat' dir='ltr'>coeperunt</span> 
     </span>
     <span class='ocr_line' id='line_1_14' title="bbox 235 1428 2048 1498; baseline 0.002 -16"><span class='ocrx_word' id='word_1_96' title='bbox 235 1433 494 1497; x_wconf 87' lang='lat' dir='ltr'>erutaque</span> <span class='ocrx_word' id='word_1_97' title='bbox 552 1429 780 1483; x_wconf 89' lang='lat' dir='ltr'>subinde</span> <span class='ocrx_word' id='word_1_98' title='bbox 836 1429 1106 1498; x_wconf 89' lang='lat' dir='ltr'>pavonina</span> <span class='ocrx_word' id='word_1_99' title='bbox 1161 1446 1263 1482; x_wconf 90' lang='lat' dir='ltr'>ova</span> <span class='ocrx_word' id='word_1_100' title='bbox 1320 1428 1552 1483; x_wconf 87' lang='lat' dir='ltr'>divisere</span> <span class='ocrx_word' id='word_1_101' title='bbox 1590 1430 1845 1484; x_wconf 88' lang='lat' dir='ltr'>convivis.</span> <span class='ocrx_word' id='word_1_102' title='bbox 1922 1447 2048 1485; x_wconf 93' lang='lat' dir='ltr'>con-</span> 
     </span>
     <span class='ocr_line' id='line_1_15' title="bbox 233 1517 2049 1578; baseline 0.002 -4"><span class='ocrx_word' id='word_1_103' title='bbox 233 1521 394 1575; x_wconf 89' lang='lat' dir='ltr'>vertit</span> <span class='ocrx_word' id='word_1_104' title='bbox 432 1520 502 1575; x_wconf 92' lang='lat' dir='ltr'>ad</span> <span class='ocrx_word' id='word_1_105' title='bbox 551 1522 692 1574; x_wconf 89' lang='lat' dir='ltr'>hanc</span> <span class='ocrx_word' id='word_1_106' title='bbox 714 1567 717 1570; x_wconf 95' lang='lat'><em>.</em></span> <span class='ocrx_word' id='word_1_107' title='bbox 740 1537 991 1575; x_wconf 87' lang='lat' dir='ltr'>scaenam</span> <span class='ocrx_word' id='word_1_108' title='bbox 1030 1521 1357 1574; x_wconf 87' lang='lat' dir='ltr'>Trimalchio</span> <span class='ocrx_word' id='word_1_109' title='bbox 1395 1522 1603 1575; x_wconf 90' lang='lat' dir='ltr'>vultum</span> <span class='ocrx_word' id='word_1_110' title='bbox 1652 1528 1704 1576; x_wconf 93' lang='lat' dir='ltr'>et</span> <span class='ocrx_word' id='word_1_111' title='bbox 1735 1517 1935 1577; x_wconf 83' lang='lat' dir='ltr'>‘amici&#39;</span> <span class='ocrx_word' id='word_1_112' title='bbox 1970 1524 2049 1578; x_wconf 90' lang='lat' dir='ltr'>ait</span> 
     </span>
     <span class='ocr_line' id='line_1_16' title="bbox 233 1607 2045 1683; baseline 0.003 -17"><span class='ocrx_word' id='word_1_113' title='bbox 233 1607 480 1682; x_wconf 82' lang='lat' dir='ltr'>‘pavonis</span> <span class='ocrx_word' id='word_1_114' title='bbox 519 1630 621 1668; x_wconf 93' lang='lat' dir='ltr'>ova</span> <span class='ocrx_word' id='word_1_115' title='bbox 658 1613 900 1682; x_wconf 84' lang='lat' dir='ltr'>gallinae</span> <span class='ocrx_word' id='word_1_116' title='bbox 924 1613 1060 1667; x_wconf 89' lang='lat' dir='ltr'>iussi</span> <span class='ocrx_word' id='word_1_117' title='bbox 1087 1614 1334 1683; x_wconf 91' lang='lat' dir='ltr'>supponi.</span> <span class='ocrx_word' id='word_1_118' title='bbox 1416 1619 1470 1667; x_wconf 92' lang='lat' dir='ltr'>et</span> <span class='ocrx_word' id='word_1_119' title='bbox 1506 1615 1843 1669; x_wconf 86' lang='lat' dir='ltr'>mehercules</span> <span class='ocrx_word' id='word_1_120' title='bbox 1881 1617 2045 1671; x_wconf 91' lang='lat' dir='ltr'>timeo</span> 
     </span>
     <span class='ocr_line' id='line_1_17' title="bbox 150 1699 2304 1775; baseline 0.003 -18"><span class='ocrx_word' id='word_1_121' title='bbox 150 1716 202 1756; x_wconf 90' lang='lat'>15</span> <span class='ocrx_word' id='word_1_122' title='bbox 232 1721 301 1758; x_wconf 92' lang='lat' dir='ltr'>ne</span> <span class='ocrx_word' id='word_1_123' title='bbox 338 1705 446 1758; x_wconf 91' lang='lat' dir='ltr'>iam</span> <span class='ocrx_word' id='word_1_124' title='bbox 487 1705 730 1775; x_wconf 86' lang='lat' dir='ltr'>concepti</span> <span class='ocrx_word' id='word_1_125' title='bbox 770 1707 900 1773; x_wconf 74' lang='lat' dir='ltr'>sint3</span> <span class='ocrx_word' id='word_1_126' title='bbox 945 1699 1268 1775; x_wconf 89' lang='lat' dir='ltr'>temptemus</span> <span class='ocrx_word' id='word_1_127' title='bbox 1295 1711 1492 1775; x_wconf 78' lang='lat' dir='ltr'>tamen,</span> <span class='ocrx_word' id='word_1_128' title='bbox 1539 1708 1586 1760; x_wconf 91' lang='lat' dir='ltr'>si</span> <span class='ocrx_word' id='word_1_129' title='bbox 1612 1707 1790 1762; x_wconf 89' lang='lat' dir='ltr'>adhuc</span> <span class='ocrx_word' id='word_1_130' title='bbox 1828 1709 2046 1763; x_wconf 90' lang='lat' dir='ltr'>sorbilia</span> <span class='ocrx_word' id='word_1_131' title='bbox 2073 1721 2304 1765; x_wconf 65' lang='lat' dir='ltr'>Buchelerss</span> 
     </span>
     <span class='ocr_line' id='line_1_18' title="bbox 232 1779 2257 1870; baseline 0.002 -20"><span class='ocrx_word' id='word_1_132' title='bbox 232 1793 400 1851; x_wconf 77' lang='lat' dir='ltr'>sunt.&#39;</span> <span class='ocrx_word' id='word_1_133' title='bbox 471 1799 766 1869; x_wconf 88' lang='lat' dir='ltr'>accipimus</span> <span class='ocrx_word' id='word_1_134' title='bbox 804 1814 900 1852; x_wconf 87' lang='lat' dir='ltr'>nos</span> <span class='ocrx_word' id='word_1_135' title='bbox 940 1798 1246 1852; x_wconf 86' lang='lat' dir='ltr'>cochlearia</span> <span class='ocrx_word' id='word_1_136' title='bbox 1283 1815 1391 1853; x_wconf 91' lang='lat' dir='ltr'>non</span> <span class='ocrx_word' id='word_1_137' title='bbox 1427 1799 1602 1854; x_wconf 90' lang='lat' dir='ltr'>minus</span> <span class='ocrx_word' id='word_1_138' title='bbox 1642 1800 1869 1855; x_wconf 89' lang='lat' dir='ltr'>selibras</span> <span class='ocrx_word' id='word_1_139' title='bbox 1906 1818 2043 1870; x_wconf 81' lang='lat' dir='ltr'>pen—</span> <span class='ocrx_word' id='word_1_140' title='bbox 2137 1794 2181 1833; x_wconf 79' lang='lat' dir='ltr'>P·</span> <span class='ocrx_word' id='word_1_141' title='bbox 2202 1779 2257 1821; x_wconf 85' lang='lat'>23</span> 
     </span>
     <span class='ocr_line' id='line_1_19' title="bbox 232 1889 2043 1967; baseline 0.003 -25"><span class='ocrx_word' id='word_1_142' title='bbox 232 1889 416 1944; x_wconf 88' lang='lat' dir='ltr'>dentia</span> <span class='ocrx_word' id='word_1_143' title='bbox 453 1906 663 1959; x_wconf 91' lang='lat' dir='ltr'>ovaque</span> <span class='ocrx_word' id='word_1_144' title='bbox 704 1908 771 1944; x_wconf 83' lang='lat' dir='ltr'>ex</span> <span class='ocrx_word' id='word_1_145' title='bbox 809 1891 984 1944; x_wconf 90' lang='lat' dir='ltr'>farina</span> <span class='ocrx_word' id='word_1_146' title='bbox 1003 1890 1200 1961; x_wconf 84' lang='lat' dir='ltr'>pingui</span> <span class='ocrx_word' id='word_1_147' title='bbox 1225 1890 1456 1960; x_wconf 85' lang='lat' dir='ltr'>figurata</span> <span class='ocrx_word' id='word_1_148' title='bbox 1481 1892 1872 1967; x_wconf 85' lang='lat' dir='ltr'>pertundimus.</span> <span class='ocrx_word' id='word_1_149' title='bbox 1941 1910 2043 1963; x_wconf 85' lang='lat' dir='ltr'>ego</span> 
     </span>
     <span class='ocr_line' id='line_1_20' title="bbox 230 1972 2040 2052; baseline 0.002 -17"><span class='ocrx_word' id='word_1_150' title='bbox 230 1981 448 2050; x_wconf 90' lang='lat' dir='ltr'>quidem</span> <span class='ocrx_word' id='word_1_151' title='bbox 486 2000 663 2052; x_wconf 89' lang='lat' dir='ltr'>paene</span> <span class='ocrx_word' id='word_1_152' title='bbox 701 1983 903 2052; x_wconf 89' lang='lat' dir='ltr'>proieci</span> <span class='ocrx_word' id='word_1_153' title='bbox 940 1988 1146 2052; x_wconf 88' lang='lat' dir='ltr'>partem</span> <span class='ocrx_word' id='word_1_154' title='bbox 1185 1972 1380 2048; x_wconf 43' lang='lat' dir='ltr'>meam,&#39;</span> <span class='ocrx_word' id='word_1_155' title='bbox 1422 2001 1549 2037; x_wconf 89' lang='lat' dir='ltr'>nam</span> <span class='ocrx_word' id='word_1_156' title='bbox 1586 1984 1872 2039; x_wconf 91' lang='lat' dir='ltr'>videbatur</span> <span class='ocrx_word' id='word_1_157' title='bbox 1907 1986 2040 2039; x_wconf 91' lang='lat' dir='ltr'>mihi</span> 
     </span>
     <span class='ocr_line' id='line_1_21' title="bbox 225 2074 2035 2144; baseline 0.003 -17"><span class='ocrx_word' id='word_1_158' title='bbox 225 2074 334 2128; x_wconf 91' lang='lat' dir='ltr'>iam</span> <span class='ocrx_word' id='word_1_159' title='bbox 370 2075 430 2128; x_wconf 87' lang='lat' dir='ltr'>in</span> <span class='ocrx_word' id='word_1_160' title='bbox 465 2076 673 2144; x_wconf 92' lang='lat' dir='ltr'>pullum</span> <span class='ocrx_word' id='word_1_161' title='bbox 701 2076 890 2129; x_wconf 89' lang='lat' dir='ltr'>coisse.</span> <span class='ocrx_word' id='word_1_162' title='bbox 946 2075 1143 2129; x_wconf 90' lang='lat' dir='ltr'>deinde</span> <span class='ocrx_word' id='word_1_163' title='bbox 1169 2081 1228 2129; x_wconf 91' lang='lat' dir='ltr'>ut</span> <span class='ocrx_word' id='word_1_164' title='bbox 1251 2076 1438 2131; x_wconf 87' lang='lat' dir='ltr'>audivi</span> <span class='ocrx_word' id='word_1_165' title='bbox 1462 2081 1700 2131; x_wconf 91' lang='lat' dir='ltr'>veterem</span> <span class='ocrx_word' id='word_1_166' title='bbox 1727 2079 2035 2132; x_wconf 82' lang='lat' dir='ltr'>convivam:</span> 
     </span>
     <span class='ocr_line' id='line_1_22' title="bbox 139 2159 2042 2239; baseline 0.003 -20"><span class='ocrx_word' id='word_1_167' title='bbox 139 2178 194 2221; x_wconf 86' lang='lat'>20</span> <span class='ocrx_word' id='word_1_168' title='bbox 223 2159 330 2239; x_wconf 84' lang='lat' dir='ltr'>‘hic</span> <span class='ocrx_word' id='word_1_169' title='bbox 385 2167 566 2221; x_wconf 90' lang='lat' dir='ltr'>nescio</span> <span class='ocrx_word' id='word_1_170' title='bbox 624 2168 757 2235; x_wconf 91' lang='lat' dir='ltr'>quid</span> <span class='ocrx_word' id='word_1_171' title='bbox 809 2168 936 2221; x_wconf 91' lang='lat' dir='ltr'>boni</span> <span class='ocrx_word' id='word_1_172' title='bbox 992 2167 1156 2222; x_wconf 86' lang='lat' dir='ltr'>debet</span> <span class='ocrx_word' id='word_1_173' title='bbox 1216 2164 1371 2235; x_wconf 77' lang='lat' dir='ltr'>esse&#39;,</span> <span class='ocrx_word' id='word_1_174' title='bbox 1433 2175 1748 2239; x_wconf 88' lang='lat' dir='ltr'>persecutus</span> <span class='ocrx_word' id='word_1_175' title='bbox 1786 2175 2042 2239; x_wconf 88' lang='lat' dir='ltr'>putamen</span> 
     </span>
     <span class='ocr_line' id='line_1_23' title="bbox 224 2258 2042 2331; baseline 0.003 -20"><span class='ocrx_word' id='word_1_176' title='bbox 224 2275 389 2311; x_wconf 90' lang='lat' dir='ltr'>manu</span> <span class='ocrx_word' id='word_1_177' title='bbox 415 2258 838 2328; x_wconf 77' lang='lat' dir='ltr'>‘pinguissimam</span> <span class='ocrx_word' id='word_1_178' title='bbox 877 2259 1165 2313; x_wconf 89' lang='lat' dir='ltr'>ficedulam</span> <span class='ocrx_word' id='word_1_179' title='bbox 1203 2261 1387 2315; x_wconf 89' lang='lat' dir='ltr'>inveni</span> <span class='ocrx_word' id='word_1_180' title='bbox 1424 2261 1667 2331; x_wconf 87' lang='lat' dir='ltr'>piperato</span> <span class='ocrx_word' id='word_1_181' title='bbox 1705 2263 1892 2316; x_wconf 87' lang='lat' dir='ltr'>vitello</span> <span class='ocrx_word' id='word_1_182' title='bbox 1937 2264 2042 2317; x_wconf 86' lang='lat' dir='ltr'>cir-</span> 
     </span>
     <span class='ocr_line' id='line_1_24' title="bbox 225 2350 1861 2405; baseline 0.001 -1"><span class='ocrx_word' id='word_1_183' title='bbox 225 2350 543 2405; x_wconf 89' lang='lat' dir='ltr'>cumdatam.</span> <span class='ocrx_word' id='word_1_184' title='bbox 613 2375 618 2378; x_wconf 92' lang='lat'>·</span> <span class='ocrx_word' id='word_1_185' title='bbox 1858 2362 1861 2363; x_wconf 72' lang='grc'>’</span> 
     </span>
    </p>
   </div>
   <div class='ocr_carea' id='block_1_5' title="bbox 135 2535 2040 2794">
    <p class='ocr_par' dir='ltr' id='par_1_5' title="bbox 135 2535 2040 2794">
     <span class='ocr_line' id='line_1_25' title="bbox 139 2535 2040 2610; baseline 0.005 -24"><span class='ocrx_word' id='word_1_186' title='bbox 139 2535 207 2586; x_wconf 86' lang='grc'>34</span> <span class='ocrx_word' id='word_1_187' title='bbox 367 2535 477 2589; x_wconf 90' lang='lat' dir='ltr'>iam</span> <span class='ocrx_word' id='word_1_188' title='bbox 515 2536 842 2590; x_wconf 88' lang='lat' dir='ltr'>Trimalchio</span> <span class='ocrx_word' id='word_1_189' title='bbox 877 2537 1069 2591; x_wconf 89' lang='lat' dir='ltr'>eadem</span> <span class='ocrx_word' id='word_1_190' title='bbox 1096 2540 1276 2592; x_wconf 90' lang='lat' dir='ltr'>omnia</span> <span class='ocrx_word' id='word_1_191' title='bbox 1300 2539 1423 2592; x_wconf 89' lang='lat' dir='ltr'>lusu</span> <span class='ocrx_word' id='word_1_192' title='bbox 1446 2538 2040 2610; x_wconf 84' lang='lat' dir='ltr'>intermisso&#39;poposce-</span> 
     </span>
     <span class='ocr_line' id='line_1_26' title="bbox 221 2626 2038 2701; baseline 0.003 -21"><span class='ocrx_word' id='word_1_193' title='bbox 221 2631 305 2680; x_wconf 87' lang='lat' dir='ltr'>rat</span> <span class='ocrx_word' id='word_1_194' title='bbox 351 2626 661 2701; x_wconf 85' lang='lat' dir='ltr'>feceratque</span> <span class='ocrx_word' id='word_1_195' title='bbox 719 2633 1039 2697; x_wconf 89' lang='lat' dir='ltr'>potestatem</span> <span class='ocrx_word' id='word_1_196' title='bbox 1097 2630 1245 2686; x_wconf 90' lang='lat' dir='ltr'>clara</span> <span class='ocrx_word' id='word_1_197' title='bbox 1299 2647 1459 2699; x_wconf 88' lang='lat' dir='ltr'>voce,</span> <span class='ocrx_word' id='word_1_198' title='bbox 1480 2658 1497 2674; x_wconf 91' lang='lat'><strong>·</strong></span> <span class='ocrx_word' id='word_1_199' title='bbox 1523 2631 1570 2685; x_wconf 92' lang='lat' dir='ltr'>si</span> <span class='ocrx_word' id='word_1_200' title='bbox 1625 2632 1744 2700; x_wconf 93' lang='lat' dir='ltr'>quis</span> <span class='ocrx_word' id='word_1_201' title='bbox 1798 2638 2038 2687; x_wconf 88' lang='lat' dir='ltr'>nostrum</span> 
     </span>
     <span class='ocr_line' id='line_1_27' title="bbox 135 2719 2038 2794; baseline 0.004 -22"><span class='ocrx_word' id='word_1_202' title='bbox 135 2731 190 2772; x_wconf 86' lang='lat'>25</span> <span class='ocrx_word' id='word_1_203' title='bbox 221 2719 417 2777; x_wconf 88' lang='lat' dir='ltr'>iterum</span> <span class='ocrx_word' id='word_1_204' title='bbox 467 2720 634 2774; x_wconf 93' lang='lat' dir='ltr'>vellet</span> <span class='ocrx_word' id='word_1_205' title='bbox 683 2722 915 2774; x_wconf 91' lang='lat' dir='ltr'>mulsum</span> <span class='ocrx_word' id='word_1_206' title='bbox 966 2738 1193 2789; x_wconf 86' lang='lat' dir='ltr'>sumere,</span> <span class='ocrx_word' id='word_1_207' title='bbox 1254 2739 1373 2776; x_wconf 92' lang='lat' dir='ltr'>cum</span> <span class='ocrx_word' id='word_1_208' title='bbox 1421 2723 1598 2778; x_wconf 91' lang='lat' dir='ltr'>subito</span> <span class='ocrx_word' id='word_1_209' title='bbox 1636 2725 1851 2793; x_wconf 87' lang='lat' dir='ltr'>signum</span> <span class='ocrx_word' id='word_1_210' title='bbox 1888 2741 2038 2794; x_wconf 86' lang='lat' dir='ltr'>sym—</span> 
     </span>
    </p>
   </div>
   <div class='ocr_carea' id='block_1_6' title="bbox 222 2835 567 2843">
    <p class='ocr_par' dir='ltr' id='par_1_6' title="bbox 222 2835 567 2843">
     <span class='ocr_line' id='line_1_28' title="bbox 222 2835 567 2843; baseline 0 0"><span class='ocrx_word' id='word_1_211' title='bbox 222 2835 567 2843; x_wconf 95' lang='lat' dir='ltr'> </span> 
     </span>
    </p>
   </div>
   <div class='ocr_carea' id='block_1_7' title="bbox 218 2889 2035 3083">
    <p class='ocr_par' dir='ltr' id='par_1_7' title="bbox 218 2889 2035 3083">
     <span class='ocr_line' id='line_1_29' title="bbox 335 2889 2035 2948; baseline 0.006 -17"><span class='ocrx_word' id='word_1_212' title='bbox 335 2891 358 2931; x_wconf 89' lang='lat'>1</span> <span class='ocrx_word' id='word_1_213' title='bbox 401 2889 658 2935; x_wconf 88' lang='lat' dir='ltr'>triclinium</span> <span class='ocrx_word' id='word_1_214' title='bbox 699 2891 763 2935; x_wconf 81' lang='lat' dir='ltr'>bis</span> <span class='ocrx_word' id='word_1_215' title='bbox 801 2892 826 2932; x_wconf 92' lang='lat'>2</span> <span class='ocrx_word' id='word_1_216' title='bbox 867 2891 1159 2948; x_wconf 89' lang='lat' dir='ltr'>voluptatem</span> <span class='ocrx_word' id='word_1_217' title='bbox 1207 2893 1291 2937; x_wconf 86' lang='lat' dir='ltr'>wie</span> <span class='ocrx_word' id='word_1_218' title='bbox 1341 2893 1401 2936; x_wconf 86' lang='lat' dir='ltr'>im</span> <span class='ocrx_word' id='word_1_219' title='bbox 1445 2895 1555 2938; x_wconf 75' lang='lat' dir='ltr'>Text</span> <span class='ocrx_word' id='word_1_220' title='bbox 1593 2895 1817 2939; x_wconf 73' lang='lat' dir='ltr'>Heinsius</span> <span class='ocrx_word' id='word_1_221' title='bbox 1863 2896 2035 2942; x_wconf 84' lang='lat' dir='ltr'>absens</span> 
     </span>
     <span class='ocr_line' id='line_1_30' title="bbox 218 2961 2034 3024; baseline 0.005 -21"><span class='ocrx_word' id='word_1_222' title='bbox 218 2973 346 3004; x_wconf 92' lang='lat' dir='ltr'>more</span> <span class='ocrx_word' id='word_1_223' title='bbox 386 2961 523 3007; x_wconf 88' lang='lat' dir='ltr'>vobis</span> <span class='ocrx_word' id='word_1_224' title='bbox 565 2961 726 3007; x_wconf 90' lang='lat' dir='ltr'>venire</span> <span class='ocrx_word' id='word_1_225' title='bbox 769 2963 854 3008; x_wconf 81' lang='lat' dir='ltr'>sed</span> <span class='ocrx_word' id='word_1_226' title='bbox 894 2975 954 3007; x_wconf 91' lang='lat' dir='ltr'>ne</span> <span class='ocrx_word' id='word_1_227' title='bbox 996 2963 1173 3009; x_wconf 91' lang='lat' dir='ltr'>diutius</span> <span class='ocrx_word' id='word_1_228' title='bbox 1212 2964 1396 3009; x_wconf 89' lang='lat' dir='ltr'>absenti</span> <span class='ocrx_word' id='word_1_229' title='bbox 1433 2978 1519 3011; x_wconf 89' lang='lat' dir='ltr'>vos</span> <span class='ocrx_word' id='word_1_230' title='bbox 1557 2978 1711 3011; x_wconf 88' lang='lat' dir='ltr'>essem</span> <span class='ocrx_word' id='word_1_231' title='bbox 1739 2967 2034 3024; x_wconf 84' lang='lat' dir='ltr'>voluptatem</span> 
     </span>
     <span class='ocr_line' id='line_1_31' title="bbox 218 3031 2032 3083; baseline 0.005 -10"><span class='ocrx_word' id='word_1_232' title='bbox 218 3031 332 3074; x_wconf 90' lang='lat' dir='ltr'>mihi</span> <span class='ocrx_word' id='word_1_233' title='bbox 364 3033 424 3075; x_wconf 88' lang='lat' dir='ltr'><strong><em>H</em></strong></span> <span class='ocrx_word' id='word_1_234' title='bbox 465 3032 720 3078; x_wconf 88' lang='lat' dir='ltr'>triclinium</span> <span class='ocrx_word' id='word_1_235' title='bbox 761 3034 923 3079; x_wconf 89' lang='lat' dir='ltr'>venire</span> <span class='ocrx_word' id='word_1_236' title='bbox 967 3035 1051 3079; x_wconf 90' lang='lat' dir='ltr'>sed</span> <span class='ocrx_word' id='word_1_237' title='bbox 1092 3048 1150 3080; x_wconf 91' lang='lat' dir='ltr'>ne</span> <span class='ocrx_word' id='word_1_238' title='bbox 1189 3036 1365 3081; x_wconf 89' lang='lat' dir='ltr'>diutius</span> <span class='ocrx_word' id='word_1_239' title='bbox 1395 3036 1638 3083; x_wconf 85' lang='lat' dir='ltr'>absentius</span> <span class='ocrx_word' id='word_1_240' title='bbox 1670 3050 1820 3083; x_wconf 85' lang='lat' dir='ltr'>essem</span> <span class='ocrx_word' id='word_1_241' title='bbox 1850 3050 2032 3083; x_wconf 87' lang='lat' dir='ltr'>omnem</span> 
     </span>
    </p>
   </div>
   <div class='ocr_carea' id='block_1_8' title="bbox 217 3101 2039 3308">
    <p class='ocr_par' dir='ltr' id='par_1_8' title="bbox 217 3101 2039 3308">
     <span class='ocr_line' id='line_1_32' title="bbox 218 3101 2032 3161; baseline 0.006 -17"><span class='ocrx_word' id='word_1_242' title='bbox 218 3101 511 3159; x_wconf 89' lang='lat' dir='ltr'>voluptatem</span> <span class='ocrx_word' id='word_1_243' title='bbox 542 3103 657 3148; x_wconf 91' lang='lat' dir='ltr'>mihi</span> <span class='ocrx_word' id='word_1_244' title='bbox 688 3103 731 3147; x_wconf 99' lang='lat' dir='ltr'><em>L</em></span> <span class='ocrx_word' id='word_1_245' title='bbox 870 3106 896 3146; x_wconf 90' lang='lat'>2</span> <span class='ocrx_word' id='word_1_246' title='bbox 927 3105 1221 3161; x_wconf 87' lang='lat' dir='ltr'>voluptatem</span> <span class='ocrx_word' id='word_1_247' title='bbox 1253 3120 1437 3152; x_wconf 92' lang='lat' dir='ltr'>omnem</span> <span class='ocrx_word' id='word_1_248' title='bbox 1466 3108 1689 3152; x_wconf 75' lang='lat' dir='ltr'>Heinsius</span> <span class='ocrx_word' id='word_1_249' title='bbox 1731 3104 1916 3154; x_wconf 76' lang='lat' dir='ltr'>omnem</span> <span class='ocrx_word' id='word_1_250' title='bbox 1943 3122 2032 3155; x_wconf 87' lang='lat' dir='ltr'>vo-</span> 
     </span>
     <span class='ocr_line' id='line_1_33' title="bbox 217 3170 2031 3227; baseline 0.004 -12"><span class='ocrx_word' id='word_1_251' title='bbox 217 3170 448 3227; x_wconf 88' lang='lat' dir='ltr'>luptatem</span> <span class='ocrx_word' id='word_1_252' title='bbox 478 3175 701 3218; x_wconf 60' lang='lat' dir='ltr'>BneheZer</span> <span class='ocrx_word' id='word_1_253' title='bbox 818 3177 842 3217; x_wconf 93' lang='lat'>5</span> <span class='ocrx_word' id='word_1_254' title='bbox 876 3187 933 3220; x_wconf 92' lang='lat' dir='ltr'>ac</span> <span class='ocrx_word' id='word_1_255' title='bbox 961 3175 1022 3217; x_wconf 93' lang='lat' dir='ltr'>H</span> <span class='ocrx_word' id='word_1_256' title='bbox 1055 3179 1138 3220; x_wconf 85' lang='lat' dir='ltr'>aut</span> <span class='ocrx_word' id='word_1_257' title='bbox 1167 3177 1210 3220; x_wconf 92' lang='lat' dir='ltr'><em>L</em></span> <span class='ocrx_word' id='word_1_258' title='bbox 1327 3181 1352 3220; x_wconf 85' lang='lat'><strong>7</strong></span> <span class='ocrx_word' id='word_1_259' title='bbox 1383 3172 1588 3224; x_wconf 87' lang='lat' dir='ltr'>omnium</span> <span class='ocrx_word' id='word_1_260' title='bbox 1619 3180 1681 3223; x_wconf 95' lang='lat' dir='ltr'>H</span> <span class='ocrx_word' id='word_1_261' title='bbox 1702 3181 1856 3225; x_wconf 84' lang='lat' dir='ltr'>omnia</span> <span class='ocrx_word' id='word_1_262' title='bbox 1885 3179 2031 3224; x_wconf 82' lang='lat' dir='ltr'>Hein-</span> 
     </span>
     <span class='ocr_line' id='line_1_34' title="bbox 217 3240 2039 3308; baseline 0.006 -24"><span class='ocrx_word' id='word_1_263' title='bbox 217 3240 312 3285; x_wconf 80' lang='lat' dir='ltr'>sius</span> <span class='ocrx_word' id='word_1_264' title='bbox 474 3246 498 3286; x_wconf 87' lang='lat'><strong>7</strong></span> <span class='ocrx_word' id='word_1_265' title='bbox 530 3248 765 3290; x_wconf 84' lang='lat' dir='ltr'>textorum</span> <span class='ocrx_word' id='word_1_266' title='bbox 795 3247 857 3290; x_wconf 92' lang='lat' dir='ltr'>H</span> <span class='ocrx_word' id='word_1_267' title='bbox 888 3249 1117 3292; x_wconf 87' lang='lat' dir='ltr'>testorum</span> <span class='ocrx_word' id='word_1_268' title='bbox 1147 3248 1191 3290; x_wconf 95' lang='lat' dir='ltr'><em>L</em></span> <span class='ocrx_word' id='word_1_269' title='bbox 1223 3250 1305 3302; x_wconf 86' lang='lat' dir='ltr'>(wo</span> <span class='ocrx_word' id='word_1_270' title='bbox 1337 3249 1465 3294; x_wconf 86' lang='lat' dir='ltr'>dicta</span> <span class='ocrx_word' id='word_1_271' title='bbox 1482 3250 1621 3307; x_wconf 75' lang='lat' dir='ltr'>fehlt)</span> <span class='ocrx_word' id='word_1_272' title='bbox 1795 3253 1822 3293; x_wconf 88' lang='lat'><strong>9</strong></span> <span class='ocrx_word' id='word_1_273' title='bbox 1852 3263 1945 3308; x_wconf 86' lang='lat' dir='ltr'>quo</span> <span class='ocrx_word' id='word_1_274' title='bbox 1977 3252 2039 3295; x_wconf 94' lang='lat' dir='ltr'>H</span> 
     </span>
    </p>
   </div>
   <div class='ocr_carea' id='block_1_9' title="bbox 217 3313 2031 3446">
    <p class='ocr_par' dir='ltr' id='par_1_9' title="bbox 217 3313 2031 3446">
     <span class='ocr_line' id='line_1_35' title="bbox 219 3313 2031 3378; baseline 0.006 -22"><span class='ocrx_word' id='word_1_275' title='bbox 219 3324 312 3369; x_wconf 80' lang='lat' dir='ltr'>qua</span> <span class='ocrx_word' id='word_1_276' title='bbox 342 3313 385 3355; x_wconf 88' lang='lat' dir='ltr'><em>L</em></span> <span class='ocrx_word' id='word_1_277' title='bbox 503 3316 552 3358; x_wconf 92' lang='lat'>11</span> <span class='ocrx_word' id='word_1_278' title='bbox 588 3320 828 3374; x_wconf 89' lang='lat' dir='ltr'>strepente</span> <span class='ocrx_word' id='word_1_279' title='bbox 861 3319 921 3361; x_wconf 92' lang='lat' dir='ltr'>H</span> <span class='ocrx_word' id='word_1_280' title='bbox 953 3318 1256 3376; x_wconf 88' lang='lat' dir='ltr'>adstrepente</span> <span class='ocrx_word' id='word_1_281' title='bbox 1287 3320 1507 3365; x_wconf 80' lang='lat' dir='ltr'>Heinsius</span> <span class='ocrx_word' id='word_1_282' title='bbox 1647 3323 1699 3364; x_wconf 83' lang='lat'>15</span> <span class='ocrx_word' id='word_1_283' title='bbox 1731 3321 1947 3378; x_wconf 86' lang='lat' dir='ltr'>concepti</span> <span class='ocrx_word' id='word_1_284' title='bbox 1977 3324 2031 3366; x_wconf 92' lang='lat' dir='ltr'>H</span> 
     </span>
     <span class='ocr_line' id='line_1_36' title="bbox 217 3385 2019 3446; baseline 0.006 -19"><span class='ocrx_word' id='word_1_285' title='bbox 217 3387 446 3440; x_wconf 86' lang='lat' dir='ltr'>concepta</span> <span class='ocrx_word' id='word_1_286' title='bbox 478 3385 520 3428; x_wconf 87' lang='lat' dir='ltr'><em>L</em></span> <span class='ocrx_word' id='word_1_287' title='bbox 641 3388 691 3429; x_wconf 94' lang='lat'>18</span> <span class='ocrx_word' id='word_1_288' title='bbox 722 3388 835 3433; x_wconf 87' lang='lat' dir='ltr'>mihi</span> <span class='ocrx_word' id='word_1_289' title='bbox 857 3389 986 3446; x_wconf 74' lang='lat' dir='ltr'>fehlt</span> <span class='ocrx_word' id='word_1_290' title='bbox 1015 3389 1064 3433; x_wconf 85' lang='lat' dir='ltr'>in</span> <span class='ocrx_word' id='word_1_291' title='bbox 1097 3391 1157 3434; x_wconf 94' lang='lat' dir='ltr'>H</span> <span class='ocrx_word' id='word_1_292' title='bbox 1265 3391 1319 3433; x_wconf 88' lang='lat'>22</span> <span class='ocrx_word' id='word_1_293' title='bbox 1356 3392 1480 3436; x_wconf 63' lang='lat' dir='ltr'>Olane</span> <span class='ocrx_word' id='word_1_294' title='bbox 1511 3392 1663 3437; x_wconf 66' lang='lat' dir='ltr'>Lache</span> <span class='ocrx_word' id='word_1_295' title='bbox 1692 3393 1913 3438; x_wconf 62' lang='lat' dir='ltr'>Bibe-heler-</span> <span class='ocrx_word' id='word_1_296' title='bbox 2015 3391 2019 3395; x_wconf 81' lang='grc'><strong>”</strong></span> 
     </span>
    </p>
   </div>
  </div>
 </body>
</html>
