2418 3762
274 309 374 359 150
907 303 1034 348 Cena
1066 302 1436 349 Trimalchionis.
2104 330 2330 374 Buchelerss

2103 391 2189 431 ,40

267 448 444 502 subito
484 447 711 501 circulus
748 447 959 515 ingenS,
1005 446 1071 500 de
1111 463 1249 515 cupa
1269 446 1521 502 videlicet
1558 448 1748 516 grandi
1789 404 2165 513 excussusffl'

266 540 573 606 demittitur,
615 540 765 594 cuius
790 557 886 610 per
909 544 1075 593 totum
1102 540 1284 593 orbem
1311 556 1535 594 coronae
1564 557 1760 594 aureae
1795 557 1915 593 cum
1954 539 2073 592 ala-

265 634 463 688 bastris
499 633 761 701 unguenti
789 632 1121 702 pendebant.
1203 631 1330 686 dum
1379 632 1512 687 haec
1550 633 1879 703 apophoreta
1918 632 2076 685 iube-

267 744 385 788 mur
424 743 649 792 sumere,
695 725 990 796 respiciens
1027 725 1100 779 ad
1138 741 1375 779 mensam

213 831 236 869 5
267 820 376 872 iam
413 819 526 872 illic
563 819 932 888 repositon'um
972 836 1090 872 cum
1128 819 1388 887 placentis
1426 819 1630 887 aliquot
1668 823 1784 872 erat
1820 818 2071 886 positum,

271 905 413 980 quod
438 912 674 966 medium
700 912 929 981 Priapus
968 929 1001 964 a
1037 912 1237 982 pistore
1275 912 1449 965 factus
1486 912 1720 979 tenebat,
1764 910 2078 979 gremioque

271 1005 403 1059 satis
442 1006 620 1075 amplo
661 1006 834 1058 omnis
873 1006 1086 1073 generis
1124 1022 1284 1074 poma
1322 1010 1375 1058 et
1422 1021 1557 1058 uvas
1595 1004 1895 1057 sustinebat
1931 1019 2078 1056 more

269 1099 504 1167 vulgato.
586 1098 800 1153 avidius
846 1098 920 1151 ad
965 1115 1214 1168 pompam
1259 1114 1450 1151 manus
1495 1097 1848 1167 porreximUS,
1903 1100 1956 1150 et
1992 1112 2080 1149 re-

270 1197 430 1261 pente
467 1209 608 1246 nova
646 1191 894 1244 ludorum
931 1192 1116 1244 missio
1154 1191 1484 1245 hilaritatem
1529 1190 1650 1259 [hic]
1687 1189 1898 1244 refecit.
1966 1206 2081 1243 om-

188 1298 239 1339 10
270 1300 367 1338 nes
405 1284 546 1338 enim
584 1284 870 1354 placentae
922 1283 1206 1352 omniaque
1254 1300 1414 1352 poma
1453 1283 1616 1336 etiam
1653 1282 1876 1335 minima
1912 1298 2082 1336 vexa-

273 1377 419 1431 tione
470 1382 714 1431 contacta
764 1382 1054 1446 coeperunt
1099 1376 1375 1429 effundere
1420 1391 1648 1443 crocum,
1700 1379 1754 1427 et
1802 1389 1972 1442 usque
2010 1372 2083 1426 ad

275 1486 334 1523 os
372 1469 631 1524 molestus
668 1486 819 1522 umor
865 1469 1129 1523 accidere.
1215 1468 1318 1521 rati
1369 1484 1495 1536 ergo
1544 1483 1753 1521 sacrum
1791 1481 1912 1521 esse
1948 1465 2075 1519 feri-

276 1563 453 1615 culum
502 1567 612 1615 tam
664 1562 915 1630 religioso
963 1567 1229 1632 apparatu
1284 1560 1587 1630 perfusum,
1654 1560 2084 1613 consurreximus

196 1664 209 1671 ”
276 1655 439 1708 altius
479 1660 531 1708 et
570 1650 846 1723 ‘August0,
897 1656 1039 1725 patri
1076 1654 1302 1725 patriae,
1354 1647 1593 1707 feliciter²
1638 1653 1891 1706 diximus.
1968 1652 2083 1721 qui-

195 1761 246 1802 15
277 1747 508 1802 busdam
552 1754 733 1801 tamen
785 1749 947 1802 etiam
998 1753 1120 1818 pos-t
1168 1748 1310 1818 hanc
1359 1746 1759 1801 venerationem
1797 1762 1959 1816 poma
1994 1762 2085 1798 ra-

274 1841 546 1910 pientibus
586 1847 639 1895 et
680 1840 786 1911 ipsi
830 1858 1059 1911 mappas
1097 1840 1457 1911 implevimus,
1510 1856 1610 1908 ego
1647 1839 1951 1909 praecipue,
1994 1838 2086 1906 qui

274 1935 423 1988 nullo
444 1934 576 1988 satis
596 1935 777 2004 amplo
797 1952 1018 1989 munere
1037 1935 1295 2004 putabam
1313 1951 1399 1987 me
1420 1949 1642 1987 onerare
1659 1931 1870 1985 Gitonis
1893 1931 2086 1984 sinum.

419 2027 559 2081 inter
595 2028 732 2082 haec
767 2032 876 2082 tres
914 2029 1069 2098 pueri
1107 2026 1367 2081 candidas
1401 2025 1657 2080 succincti
1683 2024 1892 2078 tunicas
1918 2025 2086 2077 intra-

276 2123 482 2187 verunt,
554 2137 778 2188 quorum
830 2120 934 2175 duo
983 2121 1152 2174 Lares
1202 2120 1436 2174 bullatos
1487 2135 1650 2188 super
1698 2133 1942 2171 mensam
1985 2133 2087 2186 po-

195 2226 248 2267 20
281 2219 531 2277 suerunt,
604 2229 742 2267 unus
797 2219 1040 2281 pateram
1096 2212 1210 2267 vini
1266 2211 1644 2266 circumferens
1695 2205 1796 2263 ‘dii
1851 2204 2082 2279 propitii'

280 2305 564 2360 clamabat.
1023 2319 1026 2322 ⁴

279 2398 461 2453 aiebat
490 2404 668 2453 autem
694 2416 856 2452 unum
882 2387 1198 2462 Cerdonem,
1234 2398 1464 2451 alterum
1488 2396 1831 2460 Felicionem,
1871 2395 2089 2449 tertium

281 2491 597 2546 Lucrionem
617 2492 816 2545 vocari.
848 2508 945 2546 nos
966 2491 1131 2546 etiam
1149 2508 1334 2545 veram
1353 2490 1642 2559 imaginem
1661 2489 1834 2558 ipsius
1853 2487 2091 2541 Trimal-

283 2583 513 2652 chionis,
545 2601 674 2660 cum
710 2585 821 2638 iam
858 2601 1043 2639 omnes
1080 2584 1380 2650 basiarent,
1427 2583 1736 2637 erubuimus
1772 2579 2084 2652 praeterire.

198 2664 252 2704 25
2035 2665 2106 2735 ,ι

200 2739 263 2789 61
426 2715 712 2798 postquam
749 2744 876 2797 ergo
903 2744 1086 2782 omnes
1120 2729 1331 2782 ‘bonam
1363 2734 1596 2780 mentem
1620 2726 1925 2792 bonamque
1948 2720 2094 2807 vall!

401 2873 429 2914 4
471 2863 752 2930 ausyefallen
797 2871 857 2915 ist
901 2875 1012 2914 etwa
1057 2883 1217 2915 rursus
1266 2883 1363 2914 rem
1400 2883 1571 2914 novam
1607 2868 1771 2913 notavi
1802 2866 2025 2911 Biccheler
2063 2866 2100 2908 I

288 2942 314 2983 8
346 2941 408 2986 ad
437 2946 667 2999 pompam]
702 2944 764 2988 ad
793 2943 1017 2999 Priapum
1046 2942 1206 2985 Keller
1254 2946 1301 2986 et
1333 2943 1393 2985 H
1415 2940 1655 2986 Racheless
1702 2940 1786 2985 sed
1814 2938 2039 2984 Biicheler
2066 2938 2105 2980 I

287 3014 382 3057 und
409 3013 428 3043 2
544 3017 570 3057 9
601 3015 764 3060 missio
795 3015 1019 3059 Biicheler
1066 3013 1279 3058 remissio
1313 3014 1374 3057 H
1413 3013 1518 3067 [hic]
1564 3010 1735 3060 refecit
1773 3010 1896 3054 Frdl
1939 3008 2092 3066 lique-

287 3083 434 3129 fecit‘?
458 3086 699 3130 archelai-2
724 3087 950 3131 minorem
970 3085 1114 3130 fecit?
1145 3085 1379 3128 Baehelerss·
1409 3085 1538 3129 hiare
1558 3082 1672 3128 fecit
1693 3082 1850 3126 Rohde
1878 3079 2092 3125 remissio

293 3155 577 3209 hilaritatem
607 3157 714 3202 hinc
744 3159 941 3217 rejecit?
971 3159 1192 3203 Rachel-er
1327 3159 1380 3199 12
1411 3170 1464 3202 os
1495 3155 1720 3200 Bt'icheler
1756 3166 1842 3198 nos
1875 3152 1935 3196 H
1966 3150 2095 3195 acci-

291 3227 402 3271 dere
445 3230 671 3273 Bic'eheler
716 3231 939 3275 accedere
975 3231 1036 3274 H
1078 3227 1322 3287 fericulum
1363 3227 1603 3271 Reinesius
1631 3222 1876 3270 Bracheia-3
1912 3222 2094 3278 pericu-

291 3298 387 3342 lum
419 3302 479 3343 H
510 3302 778 3357 peniculum
813 3302 1009 3361 Scheffer
1047 3301 1270 3346 Biia-helei·
1301 3301 1338 3344 I
1359 3300 1450 3342 und
1479 3298 1498 3328 2
1673 3298 1725 3338 16
1755 3294 1849 3352 ipsi
1878 3293 2096 3338 Baebeler

293 3369 422 3425 ipsas
452 3372 512 3413 H
543 3372 636 3428 ipsi
665 3373 725 3418 iis
757 3372 979 3417 Heinsius
1105 3374 1158 3415 23
1190 3372 1470 3416 Lucrionem
1501 3367 1740 3421 Reinesius
1769 3363 1987 3411 Heinsius
2026 3365 2097 3408 lu·—

290 3452 480 3485 cronem
513 3444 570 3485 H
682 3447 736 3486 24
768 3445 875 3488 olme
905 3445 1059 3488 Liicke
1089 3444 1312 3488 Biieheler
