2418 3762
306 266 402 317 128
935 262 1063 309 Cena
1094 262 1465 311 Trimalchionis.
2133 301 2275 341 Bfiehe
2302 328 2311 334 Ι
2347 291 2352 294 .

300 406 544 461 correxit.
624 406 725 460 hoc
762 405 904 461 facto
943 407 1170 476 putabat
1206 422 1265 461 se
1292 408 1484 462 solium
1507 408 1650 463 Iovis
1675 414 1876 479 tenere,
1916 410 2099 479 utique
2131 355 2301 470 Hp.34

298 504 582 569 postquam
628 501 824 552 Caesar
858 499 941 552 illi
980 499 1142 554 dixit:
1187 501 1491 568 “numquid
1517 502 1657 556 alius
1684 503 1785 557 scit
1809 503 1951 557 hanc
1976 520 2102 558 con-

301 592 530 646 dituram
593 593 941 646 vitreorum?”
1029 592 1156 646 vide
1217 593 1392 647 mod0.
1507 600 1790 664 postquam
1859 596 2096 666 negavit,

215 730 280 780 52
300 684 457 739 iussit
492 684 647 738 illum
685 684 886 739 Caesar
925 685 1211 740 decollari:
1259 685 1387 754 quia
1424 687 1583 757 enim,
1628 688 1675 742 si
1712 689 1900 743 scitum
1940 693 2099 753 esset,

243 808 265 846 5
299 795 484 831 aurum
521 794 616 847 pro
665 778 775 832 luto
820 778 1162 833 haberemus.
1241 778 1297 832 in
1344 786 1566 848 argento
1617 781 1780 851 plane
1830 781 2102 836 studiosus

298 887 433 924 sum.
512 871 685 924 habeo
725 871 954 941 scyphos
973 872 1208 926 urnales
1245 871 1369 941 plus
1405 873 1583 927 minus
1628 874 1677 925 Ο

439 963 893 1032 quemadmodum
920 964 1227 1020 Cassandra
1263 965 1457 1019 occidit
1494 965 1633 1020 filios
1671 982 1812 1031 01100,
1854 971 1906 1020 et
1945 967 2104 1036 pueri

295 1056 489 1111 mortui
524 1057 704 1112 iacent
741 1059 818 1112 sic
854 1063 913 1111 ut
937 1059 1123 1112 vivere
1159 1062 1331 1128 putes.
1399 1058 1575 1114 habeo
1602 1058 1823 1132 031ᾗροε
1848 1058 1921 1122 M,
1965 1075 2102 1127 quas

298 1149 514 1219 reliquit
551 1155 776 1219 patrono
814 1169 923 1203 meo
963 1151 1248 1205 Mummius

215 1257 265 1299 10
439 1243 531 1297 ubi
570 1243 848 1298 Daedalus
881 1243 1113 1297 Niobam
1163 1243 1218 1296 in
1269 1260 1463 1312 equum
1515 1244 1806 1299 Troianum
1853 1245 2095 1299 includit.

297 1353 420 1390 nam
458 1337 787 1390 Hermerotis
843 1352 1056 1406 pugnas
1113 1341 1166 1390 et
1219 1336 1468 1390 Petraitis
1525 1338 1583 1390 in
1636 1338 1846 1407 poculis
1901 1337 2094 1407 habeo,

299 1429 478 1483 omnia
520 1429 850 1499 ponderosa3
903 1445 1085 1482 meum
1133 1428 1273 1482 enim
1321 1430 1624 1498 intelligere
1668 1430 1821 1483 nulla
1870 1430 2103 1500 pecunia

292 1515 510 1576 vendo.2
1783 1580 1786 1582 ,

438 1615 575 1669 11300
613 1615 740 1668 dum
778 1614 968 1682 refert,
1027 1631 1160 1684 puer
1200 1614 1424 1669 calicem
1474 1615 1717 1686 proiecit.
1822 1615 1894 1669 ad
1942 1633 2101 1684 quem

215 1716 265 1757 15
297 1707 591 1776 respiciens
631 1707 956 1761 Trimalchio
989 1701 1129 1761 ‘cito'
1185 1707 1356 1776 inquit
1391 1703 1462 1762 cte
1512 1707 1690 1778 ipsum
1739 1708 1929 1778 caede,⁴
1973 1711 2102 1779 quia

294 1816 478 1868 nugax
516 1794 609 1853 es’.
664 1801 844 1855 statim
871 1817 1006 1871 puer
1044 1799 1277 1855 demisso
1315 1801 1467 1856 labro
1506 1797 1676 1856 orare.
1732 1807 1789 1856 at
1823 1801 1915 1856 ille
1948 1797 2101 1870 ‘quid

295 1888 402 1946 me²
434 1893 611 1961 inquit
647 1888 857 1963 ‘rogasi
905 1898 1162 1961 tanquam
1189 1910 1289 1963 ego
1315 1894 1414 1948 tibi
1439 1895 1695 1949 molestus
1722 1893 1840 1948 sim.
1898 1895 2099 1952 suadeo

295 2003 328 2039 a
365 1991 420 2040 te
456 1987 731 2056 impetres7
775 2004 843 2041 ne
880 1987 955 2041 sis
991 1982 1192 2055 nugax'
1535 1986 1757 2041 tandem
1805 2003 1931 2056 ergo
1969 2005 2100 2042 exo-

294 2083 441 2132 ratus
479 2096 512 2131 a
547 2079 704 2132 nobis
741 2079 1050 2133 missionem
1089 2078 1239 2133 dedit
1272 2096 1454 2149 puero.
1534 2080 1628 2133 ille
1666 2079 1918 2134 dimissus
1957 2081 2099 2135 circa

210 2179 264 2221 20
295 2187 535 2225 mensam
570 2174 900 2241 percucurrit

297 2362 350 2410 et
381 2351 601 2425 ‘aquam
640 2356 800 2423 foras,
857 2357 1042 2428 vinum
1079 2352 1231 2412 intro'
1275 2358 1528 2413 clamavit
1800 2359 2095 2428 excipimus

295 2450 654 2504 urbanitatem
689 2441 931 2517 iocantiS,
969 2456 1022 2505 et
1048 2456 1171 2505 ante
1198 2468 1380 2505 omnes
1406 2451 1791 2520 Agamemnon,
1837 2451 1931 2520 qui
1957 2450 2097 2506 scie-

1441 2601 1467 2654 ὲ

413 2895 429 2935 1
487 2893 652 2938 solium
702 2893 916 2938 Heinsius
976 2893 1156 2937 coleum
1208 2895 1266 2936 H
1314 2894 1496 2940 coelum
1549 2896 1615 2938 Io.
1663 2894 1831 2939 Sarisb.
1899 2896 2096 2956 Sekeffer

297 2965 322 3006 2
358 2963 524 3009 Caesar
556 2965 781 3008 Biicheler
895 2966 920 3007 6
961 2964 1000 3008 Ο
1035 2965 1147 3009 ohne
1178 2965 1329 3008 Lac-ke
1358 2967 1584 3010 Biicheler
1678 2967 1702 3009 8
1735 2967 1803 3011 sic
1833 2967 1902 3012 uti
1931 2967 2092 3014 vivere

298 3036 514 3081 Heinsius
555 3036 695 3080 sicuti
724 3048 836 3080 vere
869 3036 926 3078 H
1079 3037 1120 3089 8,
1154 3037 1179 3078 9
1211 3037 1405 3093 capides
1435 3038 1497 3090 M,
1531 3050 1648 3095 quas
1679 3037 1870 3094 reliquit
1897 3042 2092 3096 patrono

294 3121 387 3150 meo
408 3107 653 3152 Mummius
684 3108 793 3151 ohne
824 3106 973 3151 Liicke
1001 3107 1223 3151 Baebeler
1262 3110 1477 3164 capidem
1508 3122 1624 3167 quas
1653 3107 1844 3166 reliquit
1873 3114 2093 3166 patrono-

297 3191 396 3221 rum
426 3191 557 3222 meus
587 3179 647 3222 H
749 3179 801 3221 16
830 3178 962 3225 labro
995 3191 1129 3224 orare
1163 3180 1360 3238 Scheffer
1391 3180 1611 3224 Heinsius
1649 3179 1834 3225 labrore
1867 3181 1927 3224 H
1958 3193 2091 3226 orare

299 3249 438 3305 coepit
466 3249 642 3293 Sirelitz
731 3286 733 3289 .
789 3251 839 3292 18
866 3247 995 3306 ‘ergo
1026 3255 1280 3308 corruptum
1311 3267 1363 3295 ex
1393 3264 1513 3297 vcro.
1538 3256 1615 3294 aut
1639 3255 1972 3308 praecesserunt
2000 3251 2114 3294 alia*

297 3320 349 3362 ab
379 3320 664 3376 epitomatore
692 3321 843 3364 recisa'
872 3321 1106 3366 Bnehelerss
1318 3324 1371 3366 20
1402 3323 1693 3381 percucurrit
1722 3325 1782 3367 H
1813 3321 2093 3366 discucurrit

309 3391 457 3434 Wehle
478 3406 529 3447 p.
555 3398 610 3437 25
648 3394 704 3448 (p.
726 3394 870 3447 98,22)
912 3396 984 3438 ter
1015 3394 1219 3439 cucurrit
1249 3395 1488 3438 Burmann
