2418 3762
322 276 420 324 154
956 269 1081 314 Cena
1111 268 1484 314 Trimalchionis.
2155 301 2337 340 michele
2415 267 2418 347 ζ

2229 358 2308 397 ,41

314 414 511 467 veniat.
591 418 704 467 erat
742 417 920 466 autem
959 411 1115 465 miles
1154 411 1305 465 fortis
1342 417 1598 480 tanquam
1639 412 1824 465 Orcus.
1917 428 2114 482 apocu-
2150 371 2225 468 Hp

312 508 487 560 lamus
524 522 620 560 nos
659 506 799 559 circa
837 504 1129 573 gallicinia,
1179 506 1310 558 luna
1346 505 1561 559 lucebat
1585 511 1842 572 tanquam
1869 503 2110 558 meridie.

313 599 556 654 venimus
604 599 743 652 intra
789 599 1143 652 monimenta:
1194 597 1351 652 homo
1401 614 1551 652 meus
1603 598 1779 667 coepit
1828 597 1900 650 ad
1952 598 2119 651 stelas

313 692 509 759 facere,
550 691 713 746 sedeo
753 690 852 760 6ἐο
891 689 1260 744 cantabundus
1299 695 1354 744 et
1390 691 1555 744 stelas
1592 707 1829 744 numero,
1920 689 2117 744 deinde

256 797 280 836 5
314 791 370 839 ut
407 785 622 856 respexi
659 783 730 838 ad
769 783 1030 852 comitem,
1075 783 1169 837 ille
1209 783 1358 837 exuit
1395 799 1454 838 se
1492 790 1544 837 et
1581 783 1760 837 omnia
1797 782 2118 837 vestimenta

312 878 605 932 secundum
642 878 786 932 viam
823 876 1018 947 posuit.
1084 875 1213 930 mihi
1251 876 1433 930 anima
1468 877 1526 930 in
1562 893 1692 930 naso
1733 892 1870 944 esse,
1910 875 2116 929 stabam

310 978 566 1040 tanquam
603 975 855 1024 mortuus.
919 975 976 1024 at
1010 969 1106 1023 illc
1144 969 1535 1024 circumminxit
1573 970 1892 1023 vestimenta
1930 985 2028 1021 sua
2065 973 2119 1020 61

311 1065 484 1118 subito
522 1065 682 1134 lupus
720 1063 895 1117 factus
934 1068 1031 1116 est.
1095 1062 1260 1116 nolite
1299 1079 1385 1116 me
1411 1063 1576 1116 iocari
1612 1068 1825 1132 putare3
1868 1066 1928 1115 ut
1964 1077 2118 1115 men-

309 1158 429 1225 tiar,
473 1157 674 1212 nullius
712 1142 1090 1226 patrimonium
1126 1156 1262 1208 tanti
1288 1155 1442 1209 facio.
1505 1155 1618 1223 sed,
1658 1154 1800 1223 quod
1837 1171 2117 1224 coeperam

179 1237 181 1239 ’
229 1260 278 1300 10
314 1250 506 1316 dicere,
559 1255 843 1320 postquam
890 1249 1050 1318 lupus
1096 1248 1274 1302 factus
1325 1254 1431 1314 est,
1480 1248 1690 1301 ululare
1738 1247 1912 1316 coepit
1960 1252 2014 1300 et
2060 1248 2117 1300 in

312 1344 479 1397 silvas
518 1342 678 1411 fugit.
757 1358 860 1409 ego
904 1341 1152 1411 primitus
1189 1340 1498 1394 nesciebam
1536 1341 1630 1394 ubi
1669 1355 1862 1405 essem,
1922 1339 2117 1392 deinde

310 1435 531 1502 accessi,
581 1441 641 1489 ut
689 1434 1010 1488 vestimenta
1055 1433 1172 1487 eius
1216 1433 1485 1487 tollerem:
1539 1433 1638 1486 illa
1684 1437 1863 1485 autem
1901 1431 2119 1501 lapidea

310 1529 459 1583 facta
497 1533 634 1582 sunt.
712 1527 803 1595 qui
857 1526 993 1580 mori
1047 1527 1237 1587 timore
1291 1526 1397 1580 nisi
1453 1530 1590 1594 ego?
1657 1526 1899 1594 gladium
1937 1531 2118 1579 tamen

311 1622 504 1675 strinxi
559 1627 613 1675 et
667 1620 723 1674 in
778 1625 889 1674 tota
942 1611 1064 1673 viaV
1089 1619 1306 1673 umbras
1346 1619 1532 1684 cecidi,
1592 1619 1762 1673 donec
1816 1619 1889 1672 ad
1930 1618 2117 1672 villam

226 1726 275 1765 15
309 1714 516 1768 amicae
553 1730 706 1767 meae
742 1706 1095 1783 pervenirem.
1148 1718 1208 1766 ut
1244 1713 1399 1766 larua
1435 1712 1650 1779 intravi,
1689 1729 1861 1782 paene
1886 1712 2116 1765 animam

310 1807 553 1885 ebullivi,
605 1806 769 1860 sudor
814 1805 946 1859 mihi
991 1800 1090 1876 per
1132 1805 1401 1860 bifurcum
1439 1806 1679 1872 volabat,
1729 1805 1871 1859 oculi
1906 1805 2112 1869 mortui,

308 1900 400 1954 vix
443 1916 679 1968 unquam
730 1899 962 1953 refectus
1015 1914 1149 1953 sum.
1243 1899 1467 1952 Melissa
1515 1916 1638 1952 mea
1687 1897 1871 1951 mirari
1918 1897 2108 1966 coepit,

309 1993 453 2062 quod
490 1998 601 2047 tam
641 2008 759 2046 sero
786 1993 1138 2059 ambularem,
1183 1996 1238 2045 et
1281 1992 1370 2045 “si
1395 1993 1550 2044 ante''
1587 1990 1762 2059 inquit
1806 1990 2109 2057 “venisseS,

311 2087 503 2140 saltem
553 2086 707 2140 nobis
758 2082 1090 2150 adiutasses3
1158 2085 1319 2154 lupus
1368 2084 1509 2137 enim
1557 2084 1744 2138 villam
1792 2082 2013 2137 intravit
2061 2087 2114 2136 61

223 2192 276 2232 20
309 2178 488 2232 omnia
511 2194 707 2247 pecora
734 2178 982 2246 perculit,
1024 2183 1280 2245 tanquam
1306 2177 1482 2231 lanius
1512 2177 1830 2245 sanguinem
1864 2176 1975 2229 illis
2011 2176 2114 2228 mi-

307 2272 396 2325 sit.
450 2287 555 2325 1160,
576 2276 756 2324 tamen
794 2270 995 2334 derisit,
1037 2271 1196 2324 etiam
1235 2269 1280 2324 si
1317 2270 1483 2339 fugit;
1530 2286 1716 2323 servus
1755 2269 1896 2323 enim
1933 2274 2113 2322 noster

306 2365 499 2418 lancea
550 2364 744 2417 collum
801 2363 916 2418 eius
972 2363 1231 2417 traiecit’'.
1328 2363 1464 2417 haec
1518 2367 1578 2415 ut
1633 2362 1840 2429 audivi,
1903 2362 2111 2432 operire

307 2457 489 2511 oculos
542 2457 775 2526 amplius
813 2473 920 2510 non
956 2456 1120 2527 potui,
1174 2456 1271 2510 sed
1320 2456 1440 2510 luce
1478 2456 1628 2510 clara
1666 2455 1772 2509 Gai
1809 2456 1977 2509 nostri
2014 2454 2111 2509 do-

424 2973 447 3012 3
480 2971 604 3015 intra
634 2970 856 3015 Boeekeler
892 2971 1013 3015 inter
1044 2971 1104 3013 H
1223 2973 1250 3013 4
1281 2971 1439 3024 stelas]
1475 2971 1638 3015 stellas
1671 2970 1886 3029 (στήλλας)
1923 2971 1983 3014 H
2006 2972 2105 3014 Bia·-

308 3043 453 3086 eheler
485 3043 521 3086 I
565 3043 710 3087 sedeo
749 3054 838 3097 ego
882 3041 1082 3100 Sehqffer
1118 3042 1242 3092 Jahn,
1282 3043 1525 3087 Biiehelerss
1572 3042 1655 3086 sed
1686 3055 1776 3099 ego
1806 3044 1866 3086 H
1906 3042 1990 3087 sed
2020 3054 2108 3097 ego

307 3127 364 3158 eo
393 3113 614 3158 Heinsius
644 3113 867 3158 Bia-hezer
897 3114 930 3156 Ι
966 3113 1051 3158 sed
1083 3126 1171 3170 ego
1202 3114 1525 3159 cantabundus
1557 3113 1719 3158 stellas
1750 3126 1944 3158 numero
1969 3113 2110 3157 Ross-

309 3185 418 3228 bach
450 3186 612 3229 Rhein.
648 3185 774 3228 Μαε.
809 3184 991 3229 XLVI
1013 3191 1094 3229 311
1293 3187 1318 3228 6
1350 3186 1503 3245 anima
1535 3185 1758 3229 Muncker
1792 3185 1841 3229 111
1870 3185 2026 3228 animo
2055 3184 2116 3227 H

311 3257 364 3297 14
394 3257 443 3300 111
473 3261 578 3302 tota
606 3256 688 3302 via
720 3256 917 3314 Scheffer
956 3256 1183 3301 matavita
1213 3259 1296 3301 tau
1327 3259 1388 3301 H
1420 3258 1587 3301 rimata
1616 3257 1695 3302 via
1724 3256 1900 3299 Strelitz
1973 3256 2025 3296 15
2055 3259 2114 3300 ut.

308 3327 438 3371 larva
469 3328 690 3371 Bic'cheler
725 3327 775 3371 in
804 3328 983 3372 larvam
1014 3329 1076 3372 H
1259 3328 1312 3370 16
1342 3327 1537 3373 volabat
1568 3329 1627 3372 H
1649 3326 1838 3372 colabat
1868 3325 2108 3369 Reinesius

311 3397 363 3438 20
389 3399 869 3452 perculiassieckeleffl
897 3398 993 3442 und
1020 3400 1040 3431 3
1139 3399 1192 3441 23
1225 3399 1311 3445 Grai
1342 3399 1565 3444 Bacheler
1593 3398 1683 3443 hac
1715 3399 1776 3441 H
1796 3398 1885 3442 huc
1909 3398 2109 3455 Schqffer
