2418 3762
317 262 340 310 1
353 262 417 313 10
946 257 1072 304 Cena
1099 258 1471 307 Trimalchionis,
2142 297 2317 338 Rachel

313 400 519 455 colonia
555 404 885 455 retroversus
923 402 1113 455 erescit
1149 407 1405 471 tanquam
1430 404 1565 458 coda
1591 404 1765 459 vituli
1822 405 1920 460 sed
1945 423 2111 475 quare
2142 366 2236 465 Hp
2254 353 2308 396 29

312 509 409 548 nos
445 491 707 548 habemus
751 493 983 547 aedilem
1031 495 1189 548 trium
1228 496 1556 563 caumatum,
1612 498 1704 566 qui
1751 498 1855 552 sibi
1905 500 2111 554 mavult

312 600 488 641 assem
527 602 686 653 quam
725 586 888 639 vitam
926 592 1159 641 nostram
1171 591 1196 639 ⁶?
1242 587 1427 656 itaque
1453 589 1596 643 domi
1631 590 1847 659 gaudet,
1893 591 2017 661 plus
2054 592 2111 646 in

313 677 400 732 die
445 679 1040 749 nummorum‘aceipit,
1102 697 1263 749 quam
1313 681 1450 736 alter
1497 682 1873 751 patrimonium
1924 684 2104 738 habet.

257 778 280 818 5
310 771 418 824 iam
459 770 585 839 scie,
641 771 782 825 unde
829 772 1097 842 acceperit
1145 773 1394 827 denarios
1444 775 1592 828 mille
1642 793 1851 830 aureos.
1931 777 2023 831 sed
2065 777 2110 830 si

311 879 408 916 nos
449 864 624 917 coleos
674 863 1012 932 haberemu8‚
1067 882 1171 920 non
1217 872 1422 940 tantum
1471 868 1570 921 sibi
1622 869 1877 938 placeret.
1966 887 2108 923 nune

308 956 539 1026 populus
579 961 660 1010 est
698 956 843 1017 domi
880 957 1081 1026 leones,
1125 958 1268 1012 foras
1306 960 1515 1028 vulpes.
1571 961 1714 1028 quod
1752 961 1824 1014 ad
1857 978 1944 1015 me
1981 962 2108 1015 atti-

308 1053 414 1114 net,
484 1049 591 1101 iam
653 1065 859 1118 pannos
922 1067 1066 1104 meos
1129 1051 1351 1118 comedi,
1422 1059 1474 1107 et
1524 1053 1569 1106 si
1616 1060 1928 1123 perseverat
1974 1054 2109 1108 haee

309 1158 540 1208 annona⁷
592 1142 804 1196 casulas
841 1158 988 1197 meas
1025 1143 1272 1198 vendam.
1348 1145 1479 1212 quid
1529 1147 1669 1199 enim
1720 1147 1954 1201 futurum
2002 1154 2102 1216 est,

226 1241 278 1283 10
310 1233 355 1288 si
410 1251 510 1288 nee
566 1234 642 1287 dii
690 1251 789 1288 nec
832 1235 1073 1290 homines
1122 1236 1282 1291 huius
1331 1238 1571 1291 coloniae
1622 1241 1974 1293 miserentur?
2032 1241 2110 1294 ita

259 1348 267 1350 ·>
307 1343 455 1380 meos
495 1325 774 1393 frunisear,
823 1333 882 1381 ut
929 1345 1031 1397 ego
1077 1335 1206 1399 puto
1256 1331 1435 1383 omnia
1482 1330 1581 1383 illa
1617 1348 1651 1384 a
1689 1331 1868 1386 diibus
1916 1332 2050 1386 fieri.
2096 1332 2105 1403 Ι

306 1435 463 1472 nemo
514 1419 654 1473 enim
703 1420 909 1473 eaelum
957 1422 1165 1475 eaelum
1204 1427 1371 1492 putat,
1423 1439 1579 1476 nemo
1616 1423 1874 1477 ieiunium
1911 1431 2106 1490 servat,
2139 1435 2236 1478 HL

306 1528 461 1565 nemo
499 1512 681 1566 Iovem
718 1513 817 1582 pili
854 1512 999 1579 faeit,
1044 1514 1140 1568 sed
1169 1531 1352 1568 omnes
1390 1516 1588 1584 opertis
1627 1517 1793 1570 oeulis
1830 1517 1972 1571 bona
2009 1534 2107 1571 sua

307 1610 633 1673 computant.
673 1604 680 1674 Ι
712 1610 874 1659 antea
899 1606 1125 1660 stolatae
1161 1608 1311 1662 ibant
1347 1608 1506 1662 nudis
1543 1609 1812 1678 pedibus
1798 1627 1854 1662 1n
1880 1610 2097 1678 olivum,
2139 1621 2195 1662 H

224 1706 275 1746 15
306 1696 485 1766 passis
511 1697 1050 1780 capilliS,mentib11s
1075 1716 1243 1770 pune,
1284 1706 1337 1754 et
1362 1701 1542 1756 Iovem
1569 1719 1767 1770 aquam
1788 1703 2101 1758 exorabant.

305 1887 359 1936 et
395 1898 578 1936 omnes
616 1883 878 1953 ridebant
921 1885 1014 1939 udi
1051 1893 1307 1954 tanquam
1347 1903 1542 1941 mures.
1595 1888 1778 1956 itaque
1824 1888 1899 1942 dii
1935 1889 2104 1959 pedes

304 1975 517 2030 lanatos
578 1976 804 2044 habent,
873 1978 999 2046 quia
1058 1995 1155 2032 nos
1217 1979 1457 2048 religiosi
1517 1997 1623 2034 non
1686 1996 1883 2035 sumus.
1983 1981 2103 2050 agri

303 2062 498 2122 iacent²
532 2099 604 2106 —

442 2155 554 2214 ‘oro
611 2155 678 2213 te'
731 2161 904 2229 inquit
948 2163 1151 2217 Eehion
1209 2165 1545 2233 centonarius
1588 2159 1802 2220 ‘melius
1857 2166 2093 2234 loquere.

310 2252 508 2307 “modo
564 2252 658 2321 sie,
719 2254 878 2308 modo
935 2255 1038 2309 sie’⁷
1095 2256 1268 2325 inquit
1303 2257 1560 2333 rusticus;
1622 2258 1831 2311 varium
1878 2275 2099 2328 porcum

302 2345 628 2416 perdiderat.
675 2341 683 2418 Ι
723 2348 865 2417 quod
900 2347 1063 2402 hodie
1099 2365 1206 2402 non
1244 2355 1342 2419 est,
1385 2366 1503 2404 eras
1540 2351 1670 2405 erit:
1723 2351 1801 2405 sie
1836 2351 1948 2406 vita
1982 2356 2099 2405 tru-
2132 2358 2229 2401 HL

219 2135 288 2184 45

220 2212 274 2252 20

417 3168 442 3208 2
471 3179 558 3212 nos
585 3166 885 3212 Tizebomemcs
903 3180 997 3212 non
1016 3168 1077 3211 H
1107 3167 1260 3222 trium]
1294 3182 1387 3214 non
1416 3169 1584 3214 trium?
1613 3170 1855 3214 Baebelffl
1929 3170 1980 3211 10
2009 3167 2093 3214 hu-

294 3236 375 3294 jus
409 3237 609 3296 Scheffer
646 3238 748 3295 ejus
777 3239 838 3281 H
940 3240 988 3281 11
1023 3252 1052 3284 a
1082 3237 1238 3284 diibus
1268 3241 1491 3285 Bacheler
1529 3241 1760 3287 aedilibus
1792 3242 1853 3285 H
1881 3240 1981 3285 fieri
2018 3240 2092 3283 Ti-

304 3307 546 3352 lebomenus
582 3307 685 3353 fleri
713 3311 770 3352 H
903 3311 954 3352 13
985 3309 1070 3367 pili
1101 3311 1162 3354 H
1191 3311 1341 3367 pluris
1371 3313 1414 3356 L
1541 3314 1591 3355 17
1622 3313 1844 3359 ridebant
1872 3313 1933 3356 H
1963 3311 2091 3355 redi-

301 3379 416 3423 bant
445 3379 604 3424 Jacobs
646 3381 795 3425 Wekle
818 3396 870 3438 p.
896 3387 948 3425 21
982 3380 1200 3426 Biieheler
1238 3383 1320 3427 udi
1355 3383 1520 3428 Triller
1557 3387 1611 3428 ut
1640 3384 1707 3428 dii
1737 3385 1798 3428 H
