<?xml version="1.0" encoding="UTF-8"?>
<!DOCTYPE html PUBLIC "-//W3C//DTD XHTML 1.0 Transitional//EN"
    "http://www.w3.org/TR/xhtml1/DTD/xhtml1-transitional.dtd">
<html xmlns="http://www.w3.org/1999/xhtml" xml:lang="en" lang="en">
 <head>
  <title>
</title>
<meta http-equiv="Content-Type" content="text/html;charset=utf-8" />
  <meta name='ocr-system' content='tesseract 3.04.00' />
  <meta name='ocr-capabilities' content='ocr_page ocr_carea ocr_par ocr_line ocrx_word'/>
</head>
<body>
  <div class='ocr_page' id='page_1' title='image "./petroniicenatrim00petruoft_0174.png"; bbox 0 0 2418 3762; ppageno 0'>
   <div class='ocr_carea' id='block_1_1' title="bbox 2335 0 2418 3762">
    <p class='ocr_par' dir='ltr' id='par_1_1' title="bbox 2335 0 2418 3762">
     <span class='ocr_line' id='line_1_1' title="bbox 2335 0 2418 3762; baseline 0 0"><span class='ocrx_word' id='word_1_1' title='bbox 2335 0 2418 3762; x_wconf 95' lang='lat' dir='ltr'><strong> </strong></span> 
     </span>
    </p>
   </div>
   <div class='ocr_carea' id='block_1_2' title="bbox 336 266 2347 337">
    <p class='ocr_par' dir='ltr' id='par_1_2' title="bbox 336 266 2347 337">
     <span class='ocr_line' id='line_1_2' title="bbox 336 266 2347 337; baseline -0.009 -10"><span class='ocrx_word' id='word_1_2' title='bbox 336 277 435 327; x_wconf 87' lang='grc'><strong>164</strong></span> <span class='ocrx_word' id='word_1_3' title='bbox 969 268 1096 316; x_wconf 86' lang='lat' dir='ltr'><strong>Cena</strong></span> <span class='ocrx_word' id='word_1_4' title='bbox 1125 266 1496 314; x_wconf 84' lang='lat' dir='ltr'><strong>Trimalchionis.</strong></span> <span class='ocrx_word' id='word_1_5' title='bbox 2158 295 2347 337; x_wconf 70' lang='lat' dir='ltr'><strong>Bu&#39;ichele</strong></span> 
     </span>
    </p>
   </div>
   <div class='ocr_carea' id='block_1_3' title="bbox 330 353 2328 482">
    <p class='ocr_par' dir='ltr' id='par_1_3' title="bbox 330 353 2328 482">
     <span class='ocr_line' id='line_1_3' title="bbox 2242 353 2328 394; baseline 0 0"><span class='ocrx_word' id='word_1_6' title='bbox 2242 353 2328 394; x_wconf 88' lang='grc'><strong>,44</strong></span> 
     </span>
     <span class='ocr_line' id='line_1_4' title="bbox 330 367 2237 482; baseline -0.005 -13"><span class='ocrx_word' id='word_1_7' title='bbox 330 433 492 469; x_wconf 93' lang='lat' dir='ltr'><strong>manu</strong></span> <span class='ocrx_word' id='word_1_8' title='bbox 529 415 767 468; x_wconf 80' lang='lat' dir='ltr'><strong>miserat.</strong></span> <span class='ocrx_word' id='word_1_9' title='bbox 848 417 901 466; x_wconf 92' lang='lat' dir='ltr'><strong>et</strong></span> <span class='ocrx_word' id='word_1_10' title='bbox 936 417 1082 482; x_wconf 84' lang='lat' dir='ltr'><strong>putO,</strong></span> <span class='ocrx_word' id='word_1_11' title='bbox 1122 427 1240 466; x_wconf 90' lang='lat' dir='ltr'><strong>cum</strong></span> <span class='ocrx_word' id='word_1_12' title='bbox 1266 410 1652 465; x_wconf 77' lang='lat' dir='ltr'><strong>vicensimariis</strong></span> <span class='ocrx_word' id='word_1_13' title='bbox 1690 425 1937 477; x_wconf 88' lang='lat' dir='ltr'><strong>magnam</strong></span> <span class='ocrx_word' id='word_1_14' title='bbox 1976 425 2131 461; x_wconf 91' lang='lat' dir='ltr'><strong>man-</strong></span> <span class='ocrx_word' id='word_1_15' title='bbox 2160 367 2237 467; x_wconf 70' lang='lat' dir='ltr'><strong>Hp</strong></span> 
     </span>
    </p>
   </div>
   <div class='ocr_carea' id='block_1_4' title="bbox 248 503 2188 2612">
    <p class='ocr_par' dir='ltr' id='par_1_4' title="bbox 248 503 2188 2612">
     <span class='ocr_line' id='line_1_5' title="bbox 330 503 2130 574; baseline -0.004 -12"><span class='ocrx_word' id='word_1_16' title='bbox 330 508 520 562; x_wconf 91' lang='lat' dir='ltr'><strong>tissam</strong></span> <span class='ocrx_word' id='word_1_17' title='bbox 557 506 749 572; x_wconf 85' lang='lat' dir='ltr'><strong>habet;</strong></span> <span class='ocrx_word' id='word_1_18' title='bbox 796 503 1186 574; x_wconf 83' lang='lat' dir='ltr'><strong>quinquaginta</strong></span> <span class='ocrx_word' id='word_1_19' title='bbox 1212 503 1354 558; x_wconf 91' lang='lat' dir='ltr'><strong>enim</strong></span> <span class='ocrx_word' id='word_1_20' title='bbox 1390 503 1627 557; x_wconf 90' lang='lat' dir='ltr'><strong>millibus</strong></span> <span class='ocrx_word' id='word_1_21' title='bbox 1664 503 1952 556; x_wconf 87' lang='lat' dir='ltr'><strong>aestimant</strong></span> <span class='ocrx_word' id='word_1_22' title='bbox 1988 518 2130 555; x_wconf 89' lang='lat' dir='ltr'><strong>mor-</strong></span> 
     </span>
     <span class='ocr_line' id='line_1_6' title="bbox 329 592 2132 661; baseline -0.005 -7"><span class='ocrx_word' id='word_1_23' title='bbox 329 605 496 654; x_wconf 90' lang='lat' dir='ltr'><strong>tuum.</strong></span> <span class='ocrx_word' id='word_1_24' title='bbox 554 598 651 653; x_wconf 88' lang='lat' dir='ltr'><strong>sed</strong></span> <span class='ocrx_word' id='word_1_25' title='bbox 687 604 866 652; x_wconf 90' lang='lat' dir='ltr'><strong>tamen</strong></span> <span class='ocrx_word' id='word_1_26' title='bbox 903 597 1138 661; x_wconf 80' lang='lat' dir='ltr'><strong>suaviter</strong></span> <span class='ocrx_word' id='word_1_27' title='bbox 1175 596 1293 660; x_wconf 86' lang='lat' dir='ltr'><strong>fuit,</strong></span> <span class='ocrx_word' id='word_1_28' title='bbox 1338 597 1497 651; x_wconf 90' lang='lat' dir='ltr'><strong>etiam</strong></span> <span class='ocrx_word' id='word_1_29' title='bbox 1537 596 1582 649; x_wconf 93' lang='lat' dir='ltr'><strong>si</strong></span> <span class='ocrx_word' id='word_1_30' title='bbox 1620 596 1789 649; x_wconf 91' lang='lat' dir='ltr'><strong>coacti</strong></span> <span class='ocrx_word' id='word_1_31' title='bbox 1826 609 2008 648; x_wconf 90' lang='lat' dir='ltr'><strong>sumus</strong></span> <span class='ocrx_word' id='word_1_32' title='bbox 2048 592 2132 656; x_wconf 73' lang='lat' dir='ltr'><strong>di-v</strong></span> 
     </span>
     <span class='ocr_line' id='line_1_7' title="bbox 248 679 2127 762; baseline -0.005 -14"><span class='ocrx_word' id='word_1_33' title='bbox 248 689 315 741; x_wconf 87' lang='grc'><strong>66</strong></span> <span class='ocrx_word' id='word_1_34' title='bbox 331 693 525 747; x_wconf 86' lang='lat' dir='ltr'><strong>midias</strong></span> <span class='ocrx_word' id='word_1_35' title='bbox 570 689 836 762; x_wconf 54' lang='lat' dir='ltr'><strong>potiones?</strong></span> <span class='ocrx_word' id='word_1_36' title='bbox 861 706 1023 761; x_wconf 87' lang='lat' dir='ltr'><strong>super</strong></span> <span class='ocrx_word' id='word_1_37' title='bbox 1069 689 1318 744; x_wconf 78' lang='lat' dir='ltr'><strong>ossucula</strong></span> <span class='ocrx_word' id='word_1_38' title='bbox 1365 689 1481 744; x_wconf 88' lang='lat' dir='ltr'><strong>eius</strong></span> <span class='ocrx_word' id='word_1_39' title='bbox 1526 682 1837 742; x_wconf 83' lang='lat' dir='ltr'><strong>effundere&#39;.</strong></span> <span class='ocrx_word' id='word_1_40' title='bbox 1911 679 2127 740; x_wconf 83' lang='lat' dir='ltr'><strong>‘tamen&#39;</strong></span> 
     </span>
     <span class='ocr_line' id='line_1_8' title="bbox 282 775 2133 854; baseline -0.003 -17"><span class='ocrx_word' id='word_1_41' title='bbox 282 797 306 837; x_wconf 87' lang='lat'>5</span> <span class='ocrx_word' id='word_1_42' title='bbox 337 785 509 854; x_wconf 88' lang='lat' dir='ltr'><strong>inquit</strong></span> <span class='ocrx_word' id='word_1_43' title='bbox 546 783 868 838; x_wconf 81' lang='lat' dir='ltr'><strong>Trimalchio</strong></span> <span class='ocrx_word' id='word_1_44' title='bbox 901 777 1056 851; x_wconf 86' lang='lat' dir='ltr'><strong>‘quid</strong></span> <span class='ocrx_word' id='word_1_45' title='bbox 1091 782 1356 837; x_wconf 87' lang='lat' dir='ltr'><strong>habuistis</strong></span> <span class='ocrx_word' id='word_1_46' title='bbox 1390 782 1448 835; x_wconf 94' lang='lat' dir='ltr'><strong>in</strong></span> <span class='ocrx_word' id='word_1_47' title='bbox 1485 775 1662 836; x_wconf 68' lang='lat' dir='ltr'><strong>cena‘l&#39;</strong></span> <span class='ocrx_word' id='word_1_48' title='bbox 1710 775 1928 834; x_wconf 79' lang='lat' dir='ltr'><strong>‘dicam&#39;</strong></span> <span class='ocrx_word' id='word_1_49' title='bbox 1961 779 2133 847; x_wconf 85' lang='lat' dir='ltr'><strong>inquit</strong></span> 
     </span>
     <span class='ocr_line' id='line_1_9' title="bbox 330 872 2133 947; baseline -0.004 -16"><span class='ocrx_word' id='word_1_50' title='bbox 330 873 400 931; x_wconf 82' lang='lat' dir='ltr'><strong>‘si</strong></span> <span class='ocrx_word' id='word_1_51' title='bbox 437 883 684 947; x_wconf 79' lang='lat' dir='ltr'><strong>potuer03</strong></span> <span class='ocrx_word' id='word_1_52' title='bbox 728 893 852 929; x_wconf 90' lang='lat' dir='ltr'><strong>nam</strong></span> <span class='ocrx_word' id='word_1_53' title='bbox 889 881 999 929; x_wconf 89' lang='lat' dir='ltr'><strong>tam</strong></span> <span class='ocrx_word' id='word_1_54' title='bbox 1035 876 1208 930; x_wconf 91' lang='lat' dir='ltr'><strong>bonae</strong></span> <span class='ocrx_word' id='word_1_55' title='bbox 1233 875 1521 930; x_wconf 86' lang='lat' dir='ltr'><strong>memoriae</strong></span> <span class='ocrx_word' id='word_1_56' title='bbox 1560 891 1694 936; x_wconf 91' lang='lat' dir='ltr'><strong>sum,</strong></span> <span class='ocrx_word' id='word_1_57' title='bbox 1733 880 1791 926; x_wconf 89' lang='lat' dir='ltr'><strong>ut</strong></span> <span class='ocrx_word' id='word_1_58' title='bbox 1827 872 2133 940; x_wconf 87' lang='lat' dir='ltr'><strong>frequenter</strong></span> 
     </span>
     <span class='ocr_line' id='line_1_10' title="bbox 333 965 2133 1034; baseline -0.004 -10"><span class='ocrx_word' id='word_1_59' title='bbox 333 970 529 1024; x_wconf 87' lang='lat' dir='ltr'><strong>nomen</strong></span> <span class='ocrx_word' id='word_1_60' title='bbox 567 987 744 1023; x_wconf 91' lang='lat' dir='ltr'><strong>meum</strong></span> <span class='ocrx_word' id='word_1_61' title='bbox 782 968 1085 1023; x_wconf 88' lang='lat' dir='ltr'><strong>obliviscar.</strong></span> <span class='ocrx_word' id='word_1_62' title='bbox 1163 967 1446 1022; x_wconf 90' lang='lat' dir='ltr'><strong>habuimus</strong></span> <span class='ocrx_word' id='word_1_63' title='bbox 1492 973 1675 1021; x_wconf 90' lang='lat' dir='ltr'><strong>tamen</strong></span> <span class='ocrx_word' id='word_1_64' title='bbox 1709 966 1768 1019; x_wconf 94' lang='lat' dir='ltr'><strong>in</strong></span> <span class='ocrx_word' id='word_1_65' title='bbox 1804 965 1973 1034; x_wconf 89' lang='lat' dir='ltr'><strong>primo</strong></span> <span class='ocrx_word' id='word_1_66' title='bbox 2009 981 2133 1034; x_wconf 93' lang='lat' dir='ltr'><strong>por-</strong></span> 
     </span>
     <span class='ocr_line' id='line_1_11' title="bbox 335 1058 2131 1127; baseline -0.004 -10"><span class='ocrx_word' id='word_1_67' title='bbox 335 1080 455 1117; x_wconf 91' lang='lat' dir='ltr'><strong>cum</strong></span> <span class='ocrx_word' id='word_1_68' title='bbox 490 1063 670 1116; x_wconf 91' lang='lat' dir='ltr'><strong>botulo</strong></span> <span class='ocrx_word' id='word_1_69' title='bbox 710 1067 1017 1116; x_wconf 90' lang='lat' dir='ltr'><strong>coronatum</strong></span> <span class='ocrx_word' id='word_1_70' title='bbox 1052 1066 1105 1115; x_wconf 91' lang='lat' dir='ltr'><strong>et</strong></span> <span class='ocrx_word' id='word_1_71' title='bbox 1130 1060 1269 1115; x_wconf 91' lang='lat' dir='ltr'><strong>circa</strong></span> <span class='ocrx_word' id='word_1_72' title='bbox 1296 1060 1666 1115; x_wconf 89' lang='lat' dir='ltr'><strong>saviunculum</strong></span> <span class='ocrx_word' id='word_1_73' title='bbox 1706 1064 1758 1112; x_wconf 90' lang='lat' dir='ltr'><strong>et</strong></span> <span class='ocrx_word' id='word_1_74' title='bbox 1794 1058 1997 1127; x_wconf 86' lang='lat' dir='ltr'><strong>gizeria</strong></span> <span class='ocrx_word' id='word_1_75' title='bbox 2034 1073 2131 1127; x_wconf 89' lang='lat' dir='ltr'><strong>op-</strong></span> 
     </span>
     <span class='ocr_line' id='line_1_12' title="bbox 337 1150 2132 1223; baseline -0.003 -14"><span class='ocrx_word' id='word_1_76' title='bbox 337 1156 465 1209; x_wconf 92' lang='lat' dir='ltr'><strong>time</strong></span> <span class='ocrx_word' id='word_1_77' title='bbox 501 1155 647 1209; x_wconf 89' lang='lat' dir='ltr'><strong>facta</strong></span> <span class='ocrx_word' id='word_1_78' title='bbox 695 1160 748 1209; x_wconf 86' lang='lat' dir='ltr'><strong>et</strong></span> <span class='ocrx_word' id='word_1_79' title='bbox 798 1158 937 1208; x_wconf 90' lang='lat' dir='ltr'><strong>certe</strong></span> <span class='ocrx_word' id='word_1_80' title='bbox 982 1154 1165 1207; x_wconf 87' lang='lat' dir='ltr'><strong>betam</strong></span> <span class='ocrx_word' id='word_1_81' title='bbox 1213 1158 1266 1207; x_wconf 90' lang='lat' dir='ltr'><strong>et</strong></span> <span class='ocrx_word' id='word_1_82' title='bbox 1314 1169 1510 1223; x_wconf 91' lang='lat' dir='ltr'><strong>panem</strong></span> <span class='ocrx_word' id='word_1_83' title='bbox 1554 1157 1874 1222; x_wconf 85' lang='lat' dir='ltr'><strong>autopyrum</strong></span> <span class='ocrx_word' id='word_1_84' title='bbox 1922 1150 1991 1204; x_wconf 93' lang='lat' dir='ltr'><strong>de</strong></span> <span class='ocrx_word' id='word_1_85' title='bbox 2022 1163 2132 1218; x_wconf 51' lang='lat' dir='ltr'><strong>«suo</strong></span> 
     </span>
     <span class='ocr_line' id='line_1_13' title="bbox 258 1243 2136 1316; baseline -0.002 -16"><span class='ocrx_word' id='word_1_86' title='bbox 258 1259 308 1300; x_wconf 88' lang='lat'><strong>10</strong></span> <span class='ocrx_word' id='word_1_87' title='bbox 342 1249 460 1316; x_wconf 78' lang='lat' dir='ltr'><strong>sibi,</strong></span> <span class='ocrx_word' id='word_1_88' title='bbox 517 1265 674 1316; x_wconf 89' lang='lat' dir='ltr'><strong>quem</strong></span> <span class='ocrx_word' id='word_1_89' title='bbox 721 1264 820 1316; x_wconf 88' lang='lat' dir='ltr'><strong>ego</strong></span> <span class='ocrx_word' id='word_1_90' title='bbox 867 1247 1007 1299; x_wconf 90' lang='lat' dir='ltr'><strong>malo</strong></span> <span class='ocrx_word' id='word_1_91' title='bbox 1056 1263 1215 1314; x_wconf 90' lang='lat' dir='ltr'><strong>quam</strong></span> <span class='ocrx_word' id='word_1_92' title='bbox 1254 1244 1564 1310; x_wconf 81' lang='lat' dir='ltr'><strong>candidum3</strong></span> <span class='ocrx_word' id='word_1_93' title='bbox 1619 1251 1672 1298; x_wconf 89' lang='lat' dir='ltr'><strong>et</strong></span> <span class='ocrx_word' id='word_1_94' title='bbox 1714 1245 1856 1298; x_wconf 88' lang='lat' dir='ltr'><strong>vires</strong></span> <span class='ocrx_word' id='word_1_95' title='bbox 1892 1243 2036 1309; x_wconf 85' lang='lat' dir='ltr'><strong>facit,</strong></span> <span class='ocrx_word' id='word_1_96' title='bbox 2082 1247 2136 1296; x_wconf 93' lang='lat' dir='ltr'><strong>et</strong></span> 
     </span>
     <span class='ocr_line' id='line_1_14' title="bbox 335 1336 2134 1408; baseline -0.004 -13"><span class='ocrx_word' id='word_1_97' title='bbox 335 1357 455 1395; x_wconf 91' lang='lat' dir='ltr'><strong>cum</strong></span> <span class='ocrx_word' id='word_1_98' title='bbox 492 1358 614 1394; x_wconf 87' lang='lat' dir='ltr'><strong>mea</strong></span> <span class='ocrx_word' id='word_1_99' title='bbox 650 1357 706 1394; x_wconf 93' lang='lat' dir='ltr'><strong>re</strong></span> <span class='ocrx_word' id='word_1_100' title='bbox 752 1340 951 1408; x_wconf 83' lang='lat' dir='ltr'><strong>[causa]</strong></span> <span class='ocrx_word' id='word_1_101' title='bbox 989 1338 1147 1406; x_wconf 79' lang='lat' dir='ltr'><strong>facio,</strong></span> <span class='ocrx_word' id='word_1_102' title='bbox 1194 1355 1300 1391; x_wconf 92' lang='lat' dir='ltr'><strong>non</strong></span> <span class='ocrx_word' id='word_1_103' title='bbox 1348 1338 1514 1407; x_wconf 91' lang='lat' dir='ltr'><strong>ploro.</strong></span> <span class='ocrx_word' id='word_1_104' title='bbox 1600 1352 1829 1404; x_wconf 91' lang='lat' dir='ltr'><strong>sequens</strong></span> <span class='ocrx_word' id='word_1_105' title='bbox 1873 1336 2134 1389; x_wconf 89' lang='lat' dir='ltr'><strong>ferculum</strong></span> 
     </span>
     <span class='ocr_line' id='line_1_15' title="bbox 332 1428 2135 1501; baseline -0.003 -14"><span class='ocrx_word' id='word_1_106' title='bbox 332 1433 432 1487; x_wconf 89' lang='lat' dir='ltr'><strong>fuit</strong></span> <span class='ocrx_word' id='word_1_107' title='bbox 472 1432 712 1486; x_wconf 88' lang='lat' dir='ltr'><strong>scriblita</strong></span> <span class='ocrx_word' id='word_1_108' title='bbox 748 1432 946 1501; x_wconf 89' lang='lat' dir='ltr'><strong>frigida</strong></span> <span class='ocrx_word' id='word_1_109' title='bbox 997 1436 1049 1484; x_wconf 93' lang='lat' dir='ltr'><strong>et</strong></span> <span class='ocrx_word' id='word_1_110' title='bbox 1089 1446 1248 1500; x_wconf 91' lang='lat' dir='ltr'><strong>super</strong></span> <span class='ocrx_word' id='word_1_111' title='bbox 1284 1429 1390 1483; x_wconf 92' lang='lat' dir='ltr'><strong>mel</strong></span> <span class='ocrx_word' id='word_1_112' title='bbox 1428 1428 1641 1483; x_wconf 90' lang='lat' dir='ltr'><strong>caldum</strong></span> <span class='ocrx_word' id='word_1_113' title='bbox 1678 1429 1914 1482; x_wconf 90' lang='lat' dir='ltr'><strong>infusum</strong></span> <span class='ocrx_word' id='word_1_114' title='bbox 1952 1429 2135 1483; x_wconf 83' lang='lat' dir='ltr'><strong>excel-</strong></span> 
     </span>
     <span class='ocr_line' id='line_1_16' title="bbox 331 1518 2133 1595; baseline -0.004 -15"><span class='ocrx_word' id='word_1_115' title='bbox 331 1527 477 1580; x_wconf 90' lang='lat' dir='ltr'><strong>lente</strong></span> <span class='ocrx_word' id='word_1_116' title='bbox 513 1525 832 1595; x_wconf 89' lang='lat' dir='ltr'><strong>Hispanum.</strong></span> <span class='ocrx_word' id='word_1_117' title='bbox 886 1525 1068 1592; x_wconf 90' lang='lat' dir='ltr'><strong>itaque</strong></span> <span class='ocrx_word' id='word_1_118' title='bbox 1108 1523 1176 1577; x_wconf 89' lang='lat' dir='ltr'><strong>de</strong></span> <span class='ocrx_word' id='word_1_119' title='bbox 1214 1522 1450 1576; x_wconf 89' lang='lat' dir='ltr'><strong>scriblita</strong></span> <span class='ocrx_word' id='word_1_120' title='bbox 1485 1521 1699 1591; x_wconf 89' lang='lat' dir='ltr'><strong>quidem</strong></span> <span class='ocrx_word' id='word_1_121' title='bbox 1725 1539 1831 1576; x_wconf 90' lang='lat' dir='ltr'><strong>non</strong></span> <span class='ocrx_word' id='word_1_122' title='bbox 1855 1518 2133 1574; x_wconf 91' lang='lat' dir='ltr'><strong>minimum</strong></span> 
     </span>
     <span class='ocr_line' id='line_1_17' title="bbox 337 1615 2131 1685; baseline -0.003 -12"><span class='ocrx_word' id='word_1_123' title='bbox 337 1618 441 1681; x_wconf 82' lang='lat' dir='ltr'><strong>edi,</strong></span> <span class='ocrx_word' id='word_1_124' title='bbox 482 1618 548 1672; x_wconf 90' lang='lat' dir='ltr'><strong>de</strong></span> <span class='ocrx_word' id='word_1_125' title='bbox 600 1617 761 1672; x_wconf 91' lang='lat' dir='ltr'><strong>melle</strong></span> <span class='ocrx_word' id='word_1_126' title='bbox 810 1634 895 1671; x_wconf 89' lang='lat' dir='ltr'><strong>me</strong></span> <span class='ocrx_word' id='word_1_127' title='bbox 946 1632 1116 1685; x_wconf 90' lang='lat' dir='ltr'><strong>usque</strong></span> <span class='ocrx_word' id='word_1_128' title='bbox 1164 1616 1334 1684; x_wconf 87' lang='lat' dir='ltr'><strong>te&#39;tigi.</strong></span> <span class='ocrx_word' id='word_1_129' title='bbox 1423 1615 1562 1669; x_wconf 92' lang='lat' dir='ltr'><strong>circa</strong></span> <span class='ocrx_word' id='word_1_130' title='bbox 1610 1615 1748 1669; x_wconf 87' lang='lat' dir='ltr'><strong>cicer</strong></span> <span class='ocrx_word' id='word_1_131' title='bbox 1785 1620 1839 1669; x_wconf 93' lang='lat' dir='ltr'><strong>et</strong></span> <span class='ocrx_word' id='word_1_132' title='bbox 1874 1615 2131 1684; x_wconf 90' lang='lat' dir='ltr'><strong>lupinum,</strong></span> 
     </span>
     <span class='ocr_line' id='line_1_18' title="bbox 253 1706 2136 1777; baseline -0.003 -12"><span class='ocrx_word' id='word_1_133' title='bbox 253 1724 304 1764; x_wconf 87' lang='lat'><strong>15</strong></span> <span class='ocrx_word' id='word_1_134' title='bbox 337 1712 522 1765; x_wconf 86' lang='lat' dir='ltr'><strong>calvae</strong></span> <span class='ocrx_word' id='word_1_135' title='bbox 561 1710 820 1764; x_wconf 88' lang='lat' dir='ltr'><strong>arbitratu</strong></span> <span class='ocrx_word' id='word_1_136' title='bbox 859 1715 911 1764; x_wconf 92' lang='lat' dir='ltr'><strong>et</strong></span> <span class='ocrx_word' id='word_1_137' title='bbox 946 1706 1091 1763; x_wconf 89' lang='lat' dir='ltr'><strong>mala</strong></span> <span class='ocrx_word' id='word_1_138' title='bbox 1129 1708 1359 1777; x_wconf 90' lang='lat' dir='ltr'><strong>singula.</strong></span> <span class='ocrx_word' id='word_1_139' title='bbox 1439 1724 1541 1776; x_wconf 88' lang='lat' dir='ltr'><strong>ego</strong></span> <span class='ocrx_word' id='word_1_140' title='bbox 1578 1712 1761 1761; x_wconf 86' lang='lat' dir='ltr'><strong>tamen</strong></span> <span class='ocrx_word' id='word_1_141' title='bbox 1798 1707 1904 1762; x_wconf 93' lang='lat' dir='ltr'><strong>duo</strong></span> <span class='ocrx_word' id='word_1_142' title='bbox 1943 1708 2136 1762; x_wconf 85' lang='lat' dir='ltr'><strong>sustuli</strong></span> 
     </span>
     <span class='ocr_line' id='line_1_19' title="bbox 339 1800 2136 1874; baseline -0.002 -16"><span class='ocrx_word' id='word_1_143' title='bbox 339 1810 393 1858; x_wconf 94' lang='lat' dir='ltr'><strong>et</strong></span> <span class='ocrx_word' id='word_1_144' title='bbox 433 1820 556 1859; x_wconf 90' lang='lat' dir='ltr'><strong>ecce</strong></span> <span class='ocrx_word' id='word_1_145' title='bbox 593 1803 650 1857; x_wconf 94' lang='lat' dir='ltr'><strong>in</strong></span> <span class='ocrx_word' id='word_1_146' title='bbox 687 1821 887 1874; x_wconf 84' lang='lat' dir='ltr'><strong>mappa</strong></span> <span class='ocrx_word' id='word_1_147' title='bbox 910 1803 1136 1871; x_wconf 88' lang='lat' dir='ltr'><strong>alligata</strong></span> <span class='ocrx_word' id='word_1_148' title='bbox 1161 1802 1362 1867; x_wconf 86' lang='lat' dir='ltr'><strong>habeo;</strong></span> <span class='ocrx_word' id='word_1_149' title='bbox 1385 1818 1528 1854; x_wconf 90' lang='lat' dir='ltr'><strong>nam</strong></span> <span class='ocrx_word' id='word_1_150' title='bbox 1569 1801 1615 1854; x_wconf 91' lang='lat' dir='ltr'><strong>si</strong></span> <span class='ocrx_word' id='word_1_151' title='bbox 1654 1800 1864 1868; x_wconf 91' lang='lat' dir='ltr'><strong>aliquid</strong></span> <span class='ocrx_word' id='word_1_152' title='bbox 1901 1800 2136 1854; x_wconf 90' lang='lat' dir='ltr'><strong>muneris</strong></span> 
     </span>
     <span class='ocr_line' id='line_1_20' title="bbox 337 1880 2135 1958; baseline -0.002 -9"><span class='ocrx_word' id='word_1_153' title='bbox 337 1913 456 1951; x_wconf 92' lang='lat' dir='ltr'><strong>meo</strong></span> <span class='ocrx_word' id='word_1_154' title='bbox 506 1880 762 1951; x_wconf 87' lang='lat' dir='ltr'><strong>vernulae</strong></span> <span class='ocrx_word' id='word_1_155' title='bbox 812 1913 918 1950; x_wconf 94' lang='lat' dir='ltr'><strong>non</strong></span> <span class='ocrx_word' id='word_1_156' title='bbox 965 1896 1151 1958; x_wconf 81' lang='lat' dir='ltr'><strong>tulero,</strong></span> <span class='ocrx_word' id='word_1_157' title='bbox 1199 1895 1410 1948; x_wconf 89' lang='lat' dir='ltr'><strong>habebo</strong></span> <span class='ocrx_word' id='word_1_158' title='bbox 1461 1893 1777 1948; x_wconf 88' lang='lat' dir='ltr'><strong>convicium.</strong></span> <span class='ocrx_word' id='word_1_159' title='bbox 1865 1894 2003 1947; x_wconf 90' lang='lat' dir='ltr'><strong>bene</strong></span> <span class='ocrx_word' id='word_1_160' title='bbox 2049 1910 2135 1946; x_wconf 93' lang='lat' dir='ltr'><strong>me</strong></span> 
     </span>
     <span class='ocr_line' id='line_1_21' title="bbox 337 1985 2188 2056; baseline -0.002 -13"><span class='ocrx_word' id='word_1_161' title='bbox 337 1989 591 2043; x_wconf 85' lang='lat' dir='ltr'><strong>admonet</strong></span> <span class='ocrx_word' id='word_1_162' title='bbox 647 1989 864 2050; x_wconf 90' lang='lat' dir='ltr'><strong>domina</strong></span> <span class='ocrx_word' id='word_1_163' title='bbox 909 2003 1057 2043; x_wconf 90' lang='lat' dir='ltr'><strong>..mea</strong></span> <span class='ocrx_word' id='word_1_164' title='bbox 1152 1987 1210 2040; x_wconf 90' lang='lat' dir='ltr'><strong>in</strong></span> <span class='ocrx_word' id='word_1_165' title='bbox 1263 1991 1549 2056; x_wconf 88' lang='lat' dir='ltr'><strong>prospectu</strong></span> <span class='ocrx_word' id='word_1_166' title='bbox 1596 1985 1883 2039; x_wconf 88' lang='lat' dir='ltr'><strong>habuimus</strong></span> <span class='ocrx_word' id='word_1_167' title='bbox 1919 1986 2134 2040; x_wconf 89' lang='lat' dir='ltr'><strong>ursinae</strong></span> <span class='ocrx_word' id='word_1_168' title='bbox 2183 1993 2188 1997; x_wconf 87' lang='grc'><em>“</em></span> 
     </span>
     <span class='ocr_line' id='line_1_22' title="bbox 335 2079 2134 2149; baseline -0.001 -15"><span class='ocrx_word' id='word_1_169' title='bbox 335 2082 580 2148; x_wconf 81' lang='lat' dir='ltr'><strong>frustum,</strong></span> <span class='ocrx_word' id='word_1_170' title='bbox 626 2081 692 2134; x_wconf 93' lang='lat' dir='ltr'><strong>de</strong></span> <span class='ocrx_word' id='word_1_171' title='bbox 718 2098 820 2149; x_wconf 86' lang='lat' dir='ltr'><strong>quo</strong></span> <span class='ocrx_word' id='word_1_172' title='bbox 848 2097 966 2134; x_wconf 92' lang='lat' dir='ltr'><strong>cum</strong></span> <span class='ocrx_word' id='word_1_173' title='bbox 990 2080 1302 2149; x_wconf 87' lang='lat' dir='ltr'><strong>imprudens</strong></span> <span class='ocrx_word' id='word_1_174' title='bbox 1339 2079 1588 2134; x_wconf 81' lang='lat' dir='ltr'><strong>Scintilla</strong></span> <span class='ocrx_word' id='word_1_175' title='bbox 1624 2083 1912 2147; x_wconf 84' lang='lat' dir='ltr'><strong>gustasset,</strong></span> <span class='ocrx_word' id='word_1_176' title='bbox 1957 2095 2134 2149; x_wconf 88' lang='lat' dir='ltr'><strong>paene</strong></span> 
     </span>
     <span class='ocr_line' id='line_1_23' title="bbox 251 2171 2135 2242; baseline 0 -18"><span class='ocrx_word' id='word_1_177' title='bbox 251 2184 304 2225; x_wconf 87' lang='lat'><strong>20</strong></span> <span class='ocrx_word' id='word_1_178' title='bbox 336 2175 591 2228; x_wconf 89' lang='lat' dir='ltr'><strong>intestina</strong></span> <span class='ocrx_word' id='word_1_179' title='bbox 628 2189 726 2226; x_wconf 90' lang='lat' dir='ltr'><strong>sua</strong></span> <span class='ocrx_word' id='word_1_180' title='bbox 763 2172 979 2226; x_wconf 89' lang='lat' dir='ltr'><strong>vomuit.</strong></span> <span class='ocrx_word' id='word_1_181' title='bbox 1032 2189 1132 2241; x_wconf 90' lang='lat' dir='ltr'><strong>ego</strong></span> <span class='ocrx_word' id='word_1_182' title='bbox 1159 2177 1340 2242; x_wconf 88' lang='lat' dir='ltr'><strong>contra</strong></span> <span class='ocrx_word' id='word_1_183' title='bbox 1363 2172 1486 2242; x_wconf 90' lang='lat' dir='ltr'><strong>plus</strong></span> <span class='ocrx_word' id='word_1_184' title='bbox 1512 2172 1705 2225; x_wconf 90' lang='lat' dir='ltr'><strong>libram</strong></span> <span class='ocrx_word' id='word_1_185' title='bbox 1743 2171 1965 2239; x_wconf 83' lang='lat' dir='ltr'><strong>comedi,</strong></span> <span class='ocrx_word' id='word_1_186' title='bbox 2008 2189 2135 2225; x_wconf 90' lang='lat' dir='ltr'><strong>nam</strong></span> 
     </span>
     <span class='ocr_line' id='line_1_24' title="bbox 333 2264 2135 2336; baseline -0.002 -16"><span class='ocrx_word' id='word_1_187' title='bbox 333 2267 511 2336; x_wconf 90' lang='lat' dir='ltr'><strong>ipsum</strong></span> <span class='ocrx_word' id='word_1_188' title='bbox 548 2282 737 2335; x_wconf 89' lang='lat' dir='ltr'><strong>aprum</strong></span> <span class='ocrx_word' id='word_1_189' title='bbox 764 2265 1023 2335; x_wconf 87' lang='lat' dir='ltr'><strong>sapiebat.</strong></span> <span class='ocrx_word' id='word_1_190' title='bbox 1078 2269 1130 2318; x_wconf 83' lang='lat' dir='ltr'><strong>et</strong></span> <span class='ocrx_word' id='word_1_191' title='bbox 1167 2265 1229 2333; x_wconf 71' lang='lat' dir='ltr'><strong>si,</strong></span> <span class='ocrx_word' id='word_1_192' title='bbox 1273 2265 1509 2333; x_wconf 86' lang='lat' dir='ltr'><strong>inquam,</strong></span> <span class='ocrx_word' id='word_1_193' title='bbox 1545 2280 1702 2318; x_wconf 88' lang='lat' dir='ltr'><strong>ursus</strong></span> <span class='ocrx_word' id='word_1_194' title='bbox 1725 2264 2135 2318; x_wconf 90' lang='lat' dir='ltr'><strong>homuncionem</strong></span> 
     </span>
     <span class='ocr_line' id='line_1_25' title="bbox 335 2357 2136 2429; baseline -0.001 -17"><span class='ocrx_word' id='word_1_195' title='bbox 335 2362 552 2429; x_wconf 79' lang='lat' dir='ltr'><strong>comest,</strong></span> <span class='ocrx_word' id='word_1_196' title='bbox 597 2362 794 2426; x_wconf 87' lang='lat' dir='ltr'><strong>quanto</strong></span> <span class='ocrx_word' id='word_1_197' title='bbox 833 2358 1004 2427; x_wconf 91' lang='lat' dir='ltr'><strong>magis</strong></span> <span class='ocrx_word' id='word_1_198' title='bbox 1042 2357 1319 2411; x_wconf 89' lang='lat' dir='ltr'><strong>homuncio</strong></span> <span class='ocrx_word' id='word_1_199' title='bbox 1349 2357 1509 2412; x_wconf 90' lang='lat' dir='ltr'><strong>debet</strong></span> <span class='ocrx_word' id='word_1_200' title='bbox 1545 2373 1726 2410; x_wconf 90' lang='lat' dir='ltr'><strong>ursum</strong></span> <span class='ocrx_word' id='word_1_201' title='bbox 1764 2361 2038 2411; x_wconf 66' lang='lat' dir='ltr'><strong>comesse?</strong></span> <span class='ocrx_word' id='word_1_202' title='bbox 2079 2357 2136 2411; x_wconf 90' lang='lat' dir='ltr'><strong>in</strong></span> 
     </span>
     <span class='ocr_line' id='line_1_26' title="bbox 334 2441 2137 2520; baseline -0.001 -15"><span class='ocrx_word' id='word_1_203' title='bbox 334 2467 538 2505; x_wconf 90' lang='lat' dir='ltr'><strong>summo</strong></span> <span class='ocrx_word' id='word_1_204' title='bbox 576 2450 861 2505; x_wconf 88' lang='lat' dir='ltr'><strong>habuimus</strong></span> <span class='ocrx_word' id='word_1_205' title='bbox 899 2441 1115 2505; x_wconf 88' lang='lat' dir='ltr'><strong>caseum</strong></span> <span class='ocrx_word' id='word_1_206' title='bbox 1141 2450 1357 2503; x_wconf 87' lang='lat' dir='ltr'><strong>mollem</strong></span> <span class='ocrx_word' id='word_1_207' title='bbox 1384 2467 1451 2504; x_wconf 89' lang='lat' dir='ltr'><strong>ex</strong></span> <span class='ocrx_word' id='word_1_208' title='bbox 1476 2466 1610 2520; x_wconf 89' lang='lat' dir='ltr'><strong>sapa</strong></span> <span class='ocrx_word' id='word_1_209' title='bbox 1635 2455 1688 2504; x_wconf 88' lang='lat' dir='ltr'><strong>et</strong></span> <span class='ocrx_word' id='word_1_210' title='bbox 1713 2450 1923 2505; x_wconf 85' lang='lat' dir='ltr'><strong>cocleas</strong></span> <span class='ocrx_word' id='word_1_211' title='bbox 1949 2450 2137 2518; x_wconf 88' lang='lat' dir='ltr'><strong>singu-</strong></span> 
     </span>
     <span class='ocr_line' id='line_1_27' title="bbox 333 2542 2137 2612; baseline -0.001 -15"><span class='ocrx_word' id='word_1_212' title='bbox 333 2544 416 2597; x_wconf 91' lang='lat' dir='ltr'><strong>las</strong></span> <span class='ocrx_word' id='word_1_213' title='bbox 455 2548 507 2596; x_wconf 89' lang='lat' dir='ltr'><strong>et</strong></span> <span class='ocrx_word' id='word_1_214' title='bbox 545 2542 737 2598; x_wconf 88' lang='lat' dir='ltr'><strong>cordae</strong></span> <span class='ocrx_word' id='word_1_215' title='bbox 774 2543 945 2596; x_wconf 87' lang='lat' dir='ltr'><strong>frusta</strong></span> <span class='ocrx_word' id='word_1_216' title='bbox 990 2548 1043 2597; x_wconf 92' lang='lat' dir='ltr'><strong>et</strong></span> <span class='ocrx_word' id='word_1_217' title='bbox 1079 2543 1299 2612; x_wconf 87' lang='lat' dir='ltr'><strong>hepatia</strong></span> <span class='ocrx_word' id='word_1_218' title='bbox 1345 2544 1402 2596; x_wconf 91' lang='lat' dir='ltr'><strong>in</strong></span> <span class='ocrx_word' id='word_1_219' title='bbox 1440 2542 1636 2597; x_wconf 87' lang='lat' dir='ltr'><strong>catillis</strong></span> <span class='ocrx_word' id='word_1_220' title='bbox 1684 2548 1737 2597; x_wconf 88' lang='lat' dir='ltr'><strong>et</strong></span> <span class='ocrx_word' id='word_1_221' title='bbox 1774 2559 1876 2598; x_wconf 90' lang='lat' dir='ltr'><strong>ova</strong></span> <span class='ocrx_word' id='word_1_222' title='bbox 1911 2542 2137 2612; x_wconf 87' lang='lat' dir='ltr'><strong>pilleata</strong></span> 
     </span>
    </p>
   </div>
   <div class='ocr_carea' id='block_1_5' title="bbox 340 3105 2135 3448">
    <p class='ocr_par' dir='ltr' id='par_1_5' title="bbox 340 3105 2135 3448">
     <span class='ocr_line' id='line_1_28' title="bbox 453 3105 2134 3162; baseline 0.001 -14"><span class='ocrx_word' id='word_1_223' title='bbox 453 3107 477 3148; x_wconf 90' lang='grc'>8</span> <span class='ocrx_word' id='word_1_224' title='bbox 508 3105 671 3151; x_wconf 89' lang='lat' dir='ltr'><strong>botulo</strong></span> <span class='ocrx_word' id='word_1_225' title='bbox 702 3107 803 3150; x_wconf 82' lang='lat' dir='ltr'><strong>Jac.</strong></span> <span class='ocrx_word' id='word_1_226' title='bbox 842 3107 1020 3150; x_wconf 74' lang='lat' dir='ltr'><strong>Gronov</strong></span> <span class='ocrx_word' id='word_1_227' title='bbox 1059 3105 1228 3162; x_wconf 88' lang='lat' dir='ltr'><strong>poculo</strong></span> <span class='ocrx_word' id='word_1_228' title='bbox 1261 3108 1321 3150; x_wconf 99' lang='lat' dir='ltr'><em>H</em></span> <span class='ocrx_word' id='word_1_229' title='bbox 1348 3105 1565 3150; x_wconf 74' lang='lat' dir='ltr'><strong>Biicheler</strong></span> <span class='ocrx_word' id='word_1_230' title='bbox 1613 3105 1936 3152; x_wconf 86' lang='lat' dir='ltr'><strong>saviunculum</strong></span> <span class='ocrx_word' id='word_1_231' title='bbox 1967 3105 2134 3150; x_wconf 78' lang='lat' dir='ltr'><strong>Hilde-</strong></span> 
     </span>
     <span class='ocr_line' id='line_1_29' title="bbox 341 3176 2134 3223; baseline 0.001 -4"><span class='ocrx_word' id='word_1_232' title='bbox 341 3176 485 3220; x_wconf 80' lang='lat' dir='ltr'><strong>brand</strong></span> <span class='ocrx_word' id='word_1_233' title='bbox 514 3177 758 3221; x_wconf 51' lang='lat' dir='ltr'><strong>Euclida-‘³</strong></span> <span class='ocrx_word' id='word_1_234' title='bbox 798 3177 1132 3222; x_wconf 86' lang='lat' dir='ltr'><strong>saucunculum</strong></span> <span class='ocrx_word' id='word_1_235' title='bbox 1164 3178 1225 3220; x_wconf 92' lang='lat' dir='ltr'><em>H</em></span> <span class='ocrx_word' id='word_1_236' title='bbox 1255 3177 1559 3223; x_wconf 89' lang='lat' dir='ltr'><strong>savunculum</strong></span> <span class='ocrx_word' id='word_1_237' title='bbox 1589 3177 1808 3222; x_wconf 59' lang='lat' dir='ltr'><strong>Buecheler</strong></span> <span class='ocrx_word' id='word_1_238' title='bbox 1838 3178 1876 3220; x_wconf 97' lang='lat' dir='ltr'><strong><em>I</em></strong></span> <span class='ocrx_word' id='word_1_239' title='bbox 2029 3178 2055 3218; x_wconf 87' lang='lat'>9</span> <span class='ocrx_word' id='word_1_240' title='bbox 2086 3180 2134 3221; x_wconf 91' lang='lat' dir='ltr'><strong>et</strong></span> 
     </span>
     <span class='ocr_line' id='line_1_30' title="bbox 342 3247 2134 3303; baseline -0.001 -11"><span class='ocrx_word' id='word_1_241' title='bbox 342 3249 486 3301; x_wconf 90' lang='lat' dir='ltr'><strong>certe]</strong></span> <span class='ocrx_word' id='word_1_242' title='bbox 522 3252 570 3292; x_wconf 90' lang='lat' dir='ltr'><strong>et</strong></span> <span class='ocrx_word' id='word_1_243' title='bbox 601 3247 756 3292; x_wconf 68' lang='lat' dir='ltr'><strong>circa?</strong></span> <span class='ocrx_word' id='word_1_244' title='bbox 786 3248 1008 3293; x_wconf 72' lang='lat' dir='ltr'><strong>Biccheler</strong></span> <span class='ocrx_word' id='word_1_245' title='bbox 1168 3250 1219 3290; x_wconf 89' lang='grc'><strong>10</strong></span> <span class='ocrx_word' id='word_1_246' title='bbox 1250 3248 1390 3303; x_wconf 88' lang='lat' dir='ltr'><strong>vires]</strong></span> <span class='ocrx_word' id='word_1_247' title='bbox 1423 3249 1555 3294; x_wconf 89' lang='lat' dir='ltr'><strong>vices</strong></span> <span class='ocrx_word' id='word_1_248' title='bbox 1587 3249 1647 3291; x_wconf 88' lang='lat' dir='ltr'><em>H</em></span> <span class='ocrx_word' id='word_1_249' title='bbox 1794 3250 1847 3291; x_wconf 89' lang='lat'><strong>13</strong></span> <span class='ocrx_word' id='word_1_250' title='bbox 1876 3261 1969 3292; x_wconf 89' lang='lat' dir='ltr'><strong>non</strong></span> <span class='ocrx_word' id='word_1_251' title='bbox 1997 3247 2134 3292; x_wconf 89' lang='lat' dir='ltr'><strong>mini-</strong></span> 
     </span>
     <span class='ocr_line' id='line_1_31' title="bbox 340 3319 2135 3378; baseline 0.001 -17"><span class='ocrx_word' id='word_1_252' title='bbox 340 3320 477 3372; x_wconf 91' lang='lat' dir='ltr'><strong>mum]</strong></span> <span class='ocrx_word' id='word_1_253' title='bbox 516 3332 611 3364; x_wconf 91' lang='lat' dir='ltr'><strong>non</strong></span> <span class='ocrx_word' id='word_1_254' title='bbox 639 3320 831 3364; x_wconf 89' lang='lat' dir='ltr'><strong>nimium</strong></span> <span class='ocrx_word' id='word_1_255' title='bbox 859 3321 957 3364; x_wconf 79' lang='lat' dir='ltr'><strong>Jac.</strong></span> <span class='ocrx_word' id='word_1_256' title='bbox 994 3321 1172 3363; x_wconf 71' lang='lat' dir='ltr'><strong>Gronov</strong></span> <span class='ocrx_word' id='word_1_257' title='bbox 1326 3319 1380 3361; x_wconf 88' lang='lat'><strong>23</strong></span> <span class='ocrx_word' id='word_1_258' title='bbox 1411 3332 1470 3364; x_wconf 86' lang='lat' dir='ltr'><strong>ex</strong></span> <span class='ocrx_word' id='word_1_259' title='bbox 1499 3332 1612 3378; x_wconf 85' lang='lat' dir='ltr'><strong>sapa</strong></span> <span class='ocrx_word' id='word_1_260' title='bbox 1642 3319 1881 3363; x_wconf 61' lang='lat' dir='ltr'><strong>Rachelffl</strong></span> <span class='ocrx_word' id='word_1_261' title='bbox 1908 3319 2002 3362; x_wconf 82' lang='lat' dir='ltr'><strong>und</strong></span> <span class='ocrx_word' id='word_1_262' title='bbox 2028 3319 2049 3350; x_wconf 81' lang='grc'>3</span> <span class='ocrx_word' id='word_1_263' title='bbox 2085 3323 2135 3363; x_wconf 88' lang='lat' dir='ltr'><strong>et</strong></span> 
     </span>
     <span class='ocr_line' id='line_1_32' title="bbox 342 3391 1128 3448; baseline 0.004 -16"><span class='ocrx_word' id='word_1_264' title='bbox 342 3400 456 3445; x_wconf 87' lang='lat' dir='ltr'><strong>sapa</strong></span> <span class='ocrx_word' id='word_1_265' title='bbox 490 3391 549 3433; x_wconf 93' lang='lat' dir='ltr'><em>H</em></span> <span class='ocrx_word' id='word_1_266' title='bbox 577 3394 626 3435; x_wconf 87' lang='lat' dir='ltr'><strong>et</strong></span> <span class='ocrx_word' id='word_1_267' title='bbox 657 3403 815 3448; x_wconf 88' lang='lat' dir='ltr'><strong>sapam</strong></span> <span class='ocrx_word' id='word_1_268' title='bbox 845 3391 1063 3435; x_wconf 77' lang='lat' dir='ltr'><strong>Biicheler</strong></span> <span class='ocrx_word' id='word_1_269' title='bbox 1090 3392 1128 3435; x_wconf 92' lang='lat' dir='ltr'><strong><em>I</em></strong></span> 
     </span>
    </p>
   </div>
  </div>
 </body>
</html>
