2418 3762
287 266 356 316 92
925 257 1054 303 Cena
1083 256 1460 303 Trimalchionis.
2124 286 2310 327 Bachelc

287 404 397 458 det.
447 403 454 475 Ι
496 404 614 473 ipse
663 402 834 455 nescit
879 400 1005 468 quid
1052 401 1274 467 habeat,
1337 399 1472 454 adeo
1524 400 1769 470 saplutus
1819 403 1926 463 est;
1990 397 2090 452 sed
2119 341 2293 456 Hp.25

286 497 421 551 haec
457 495 690 566 lupatria
727 493 973 562 providet
1009 492 1277 558 omniaet
1313 493 1405 547 ubi
1442 509 1547 546 non
1572 498 1748 563 putes.
1818 496 1900 560 est
1926 490 2085 557 sicca,

286 589 489 655 sobria,
544 589 799 641 bonorum
839 585 1179 639 consiliorum
1217 584 1440 655 [tantum
1479 585 1596 639 auri
1633 584 1839 652 vides],
1893 588 1975 638 est
2009 588 2095 637 ta-

284 699 409 736 men
446 682 621 734 malae
659 680 895 747 linguae,
940 677 1065 747 pica
1101 677 1415 746 pulvinaris.
1496 694 1655 746 quem
1694 682 1863 743 amat,
1915 681 2087 739 amat3

230 783 254 824 5
287 791 447 843 quem
491 789 598 826 non
635 777 803 837 amat,
852 787 960 824 non
998 775 1160 823 amat.
1238 771 1356 840 ipse
1394 770 1721 824 Trimalchio
1760 768 1957 822 fundos
1994 768 2095 830 ha-

284 868 391 934 bet,
437 883 546 934 qua
582 863 735 917 milvi
772 863 970 930 volant,
1015 879 1350 917 nummorum
1386 879 1652 917 nummos.
1718 866 2002 931 argentum
2039 861 2097 913 in

285 958 491 1014 ostiarii
526 957 675 1011 illius
714 956 854 1010 cella
889 955 1013 1024 plus
1050 955 1209 1022 iacet,
1256 972 1415 1024 quam
1454 955 1738 1023 quisquam
1775 954 1833 1007 in
1869 952 2097 1007 fortunis

219 1092 227 1099 .
283 1051 467 1105 habet.
545 1049 755 1104 familia
803 1064 931 1104 vero
976 1047 1154 1102 babae
1192 1048 1395 1117 babae,
1447 1065 1554 1102 non
1591 1046 1928 1102 mehercules
1967 1050 2095 1115 puto

286 1144 567 1198 decumam
611 1146 819 1212 partem
870 1155 990 1194 esse
1036 1156 1176 1208 quae
1214 1140 1487 1195 dominum
1526 1158 1683 1195 suum
1718 1138 1945 1194 noverit.
2024 1137 2098 1191 ad
2159 1194 2163 1197 ,
2244 1158 2246 1160 ·

201 1246 253 1288 10
284 1252 566 1304 summam,
609 1233 851 1302 quemvis
889 1250 956 1287 ex
992 1233 1111 1287 istis
1146 1233 1459 1288 babaecalis
1495 1233 1553 1286 in
1577 1238 1732 1287 rutae
1756 1231 1943 1285 folium
1969 1247 2096 1284 con-
2176 1229 2184 1238 ’

199 1333 266 1384 38
293 1329 436 1383 iciet.
509 1344 610 1382 nec
647 1332 729 1380 est
766 1326 912 1394 quod
948 1331 1106 1396 putes
1142 1324 1294 1379 illum
1334 1326 1622 1394 quicquam
1666 1340 1861 1378 emere.
1919 1323 2098 1377 omnia

284 1420 430 1475 domi
465 1425 780 1473 nascuntur:
837 1419 994 1485 lana,
1046 1416 1293 1486 credrae,
1337 1418 1513 1487 piper,
1555 1418 1697 1471 lacte
1734 1416 2096 1484 gallinaceum

245 1576 247 1578 ,
284 1513 331 1567 si
387 1511 711 1581 quaesieris,
767 1510 1028 1565 invenies.
1119 1509 1191 1562 ad
1238 1525 1528 1577 summam,
1589 1526 1780 1578 parum
1826 1508 1909 1562 illi
1955 1508 2096 1562 bona

283 1605 412 1659 lana
448 1604 791 1668 nascebatur;
839 1603 1034 1656 arietes
1073 1620 1106 1655 a
1144 1603 1378 1656 Tarento
1417 1602 1546 1656 emit
1583 1608 1636 1656 et
1674 1617 1764 1655 eos
1803 1600 2003 1654 culavit
2038 1600 2098 1653 in

199 1707 252 1748 15
282 1713 526 1766 gregem.
579 1696 688 1750 mel
724 1695 959 1750 Atticum
996 1694 1238 1750 ut·domi
1273 1702 1603 1762 nasceretur,
1647 1711 1780 1764 apes
1818 1695 1887 1748 ab
1926 1693 2097 1747 Athe-

280 1789 369 1844 nis
405 1789 564 1843 iussit
600 1788 806 1853 afferri;
854 1788 1026 1842 obiter
1064 1794 1118 1842 et
1154 1789 1479 1842 vernaculae
1509 1805 1650 1857 quae
1686 1793 1827 1854 sunt,
1872 1786 2096 1840 melius-

284 1881 439 1935 culae
477 1898 511 1934 a
549 1880 832 1935 Graeculis
870 1880 1020 1934 fient.
1099 1897 1224 1934 ecce
1260 1880 1403 1934 intra
1451 1881 1550 1934 hos
1590 1879 1707 1934 dies
1746 1879 1986 1948 scripsit,
2038 1884 2098 1932 ut

281 1973 365 2026 illi
412 1990 481 2027 ex
524 1973 683 2026 India
737 1989 922 2026 semen
976 1973 1274 2027 boletorum
1322 1973 1637 2026 mitteretur.
1716 1989 1843 2025 nam
1892 1972 2094 2025 mulam

286 2065 502 2134 quidem
538 2065 746 2118 nullam
784 2065 965 2133 habet,
1010 2081 1147 2133 quae
1184 2082 1290 2119 non
1327 2082 1394 2119 ex
1431 2082 1630 2134 onagro
1655 2070 1783 2118 nata
1809 2065 1896 2118 sit.
1940 2062 2095 2118 vides

198 2177 252 2218 20
283 2163 363 2212 tot
404 2158 678 2211 culcitras:
729 2158 879 2210 nulla
926 2174 1034 2211 non
1079 2163 1172 2211 aut
1219 2157 1618 2226 conchyliatum
1656 2164 1750 2211 aut
1788 2157 2094 2211 coccineum

283 2255 575 2304 tomentum
631 2250 815 2303 habet.
900 2255 1052 2304 tanta
1109 2257 1192 2304 est
1247 2249 1415 2304 animi
1469 2250 1768 2304 beatitudo.
1853 2249 2094 2316 reliquos

284 2347 464 2396 autem
496 2340 806 2396 'collibertos
845 2341 961 2396 eius
989 2359 1120 2398 cave
1147 2348 1475 2397 contemnas.
1531 2342 1693 2396 valde
1721 2342 1929 2396 sucossi
1954 2347 2092 2395 sunt.

400 2591 426 2631 2
457 2590 573 2634 haec
602 2590 806 2646 lupatria
835 2590 893 2632 H
918 2591 1034 2635 haec
1064 2593 1309 2647 eupateria
1344 2590 1598 2644 Reinesius,
1632 2591 1798 2635 Jacobs
1829 2591 1930 2645 (hoc
1952 2595 2095 2647 caput

282 2660 367 2714 rei)
400 2661 678 2708 Klussmann
709 2661 872 2706 Philol.
906 2661 1015 2705 XX
1042 2668 1125 2706 179
1164 2663 1283 2707 haec
1311 2662 1492 2719 lupatia
1525 2662 1648 2706 Sittl.
1794 2663 1819 2704 2
1850 2667 1899 2707 et
1927 2663 2010 2708 ubi
2040 2663 2100 2706 H

285 2735 333 2777 et
363 2736 438 2777 est
466 2731 547 2777 ubi
576 2732 738 2776 Rokde
860 2734 884 2774 3
921 2734 1116 2786 [tantum
1147 2734 1248 2777 auri
1277 2734 1429 2787 vides]
1463 2732 1740 2777 narrationis
1768 2733 1970 2777 ordinem
1999 2738 2095 2776 tur-

284 2803 435 2847 bantia
461 2803 638 2847 seclusi.
671 2803 783 2847 mihi
800 2803 1241 2860 interpretamentum
1260 2805 1442 2848 illorum
1462 2806 1584 2849 adeo
1605 2805 1822 2860 saplutus
1843 2809 1918 2849 est
1935 2804 2094 2848 viden-

284 2879 359 2917 tur
387 2879 438 2918 ut
467 2874 664 2918 nesciam
693 2889 754 2918 an
783 2874 918 2920 dives
948 2876 1164 2932 scriptum
1184 2876 1352 2934 fuerit.
1383 2873 1508 2920 ‘haec
1537 2880 1641 2920 sunt
1661 2875 1710 2919 in
1729 2874 1812 2920 illa
1832 2873 2092 2919 laudabilia‘

283 2946 669 3003 interpretabatur
700 2945 914 2990 Studerus
950 2946 1075 2991 Obss.
1105 2961 1155 3004 p.
1182 2953 1254 2990 10.
1286 2947 1507 2991 Bic‘cheler
1538 2948 1575 2991 I
1699 2947 1751 2989 10
1781 2947 1831 2990 in
1858 2949 1994 2990 rutae
2024 2944 2095 2989 fo-

217 3014 220 3017 “
282 3016 397 3060 lium
429 3017 645 3070 coniciet]
680 3017 746 3061 Io.
772 3015 949 3062 Sarisb.
971 3017 1124 3075 Epist.
1147 3018 1250 3061 196:
1285 3030 1438 3075 neque
1467 3019 1559 3063 hoc
1589 3017 1670 3063 ille
1699 3017 1916 3074 impediit
1934 3021 2093 3063 vester

285 3086 469 3144 collega
497 3087 823 3133 Bratoniensis
837 3123 848 3141 ‚
898 3088 978 3145 qui
1018 3088 1196 3134 utinam
1239 3088 1562 3145 submergatur
1599 3089 1650 3134 in
1694 3088 1889 3134 thermis
1919 3087 2091 3146 quibus

285 3157 454 3213 dignus
486 3162 572 3212 est,
609 3172 725 3217 quas
763 3159 855 3215 (qui
866 3163 901 3212 9)
937 3159 1107 3205 meruit
1145 3164 1199 3205 ut
1236 3159 1515 3218 conjiciatur
1549 3160 1599 3204 in
1639 3158 1923 3213 rutefolium,
1954 3158 2089 3216 cujus

282 3227 530 3273 Pec‘conus
561 3232 608 3273 in
638 3242 838 3286 poenam
870 3229 1240 3288 delinquentium
1262 3232 1488 3286 meminit,
1522 3234 1606 3286 aut
1625 3231 1886 3287 sepeliatur
1905 3231 1955 3274 in
1975 3229 2090 3274 sali-

282 3298 417 3344 nario
448 3300 733 3345 Heduorum.
764 3302 1029 3347 AHolder.·
1132 3302 1184 3345 12
1217 3303 1411 3348 credrae
1443 3305 1504 3347 H
1535 3303 1703 3348 cedrae
1733 3301 1976 3347 Baehezerss
2012 3313 2091 3344 ce-

283 3382 363 3414 rae
396 3370 615 3415 Heinsius
645 3373 868 3416 Bii'cleeler
899 3375 930 3416 Ι
1100 3374 1154 3415 14
1184 3374 1363 3419 culavit
1392 3376 1453 3419 H
1475 3373 1699 3419 Bito-hezer
1736 3372 1919 3419 curavit
1949 3373 2089 3417 Pata-
