2418 3762
251 314 348 364 118
883 308 1010 354 Cena
1040 308 1411 354 Trimalchionis.
2078 341 2262 382 Bushele
2266 338 2304 379 1-ss

2160 396 2243 439 ,31

250 451 602 522 “Primigeni‚
647 452 807 506 crede
831 452 979 520 mihi,
1024 451 1280 521 quicquid
1305 451 1486 524 discis,
1531 453 1628 506 tibi
1654 452 1838 507 discis.
1894 452 2047 508 vides
2083 411 2156 509 Hp

244 545 583 600 Phileronem
623 543 980 599 causidicum:
1022 545 1069 598 si
1105 562 1213 599 non
1250 543 1544 612 didicisset,
1587 545 1748 599 hodie
1785 545 1983 599 famem
2016 562 2052 598 a

245 638 412 692 labris
451 655 557 692 non
595 637 855 706 abigeret.
930 637 1108 706 m0d0‚
1152 637 1307 693 modo
1346 638 1483 692 collo
1510 655 1606 693 suo
1645 638 2053 692 circumferebat

249 748 413 785 onera
449 730 682 798 venalia,
726 745 868 783 nunc
905 730 1069 783 etiam
1113 730 1376 785 adversus
1412 731 1724 785 Norbanum
1762 747 1821 786 se
1860 737 2050 786 exten-

189 834 213 873 5
247 824 340 877 dit.
429 824 617 878 literae
664 822 974 877 thesaurum
1024 827 1124 892 est,
1181 828 1234 877 et
1281 823 1563 878 artificium
1612 840 1885 892 nunquam
1935 841 2051 877 mo-

241 910 459 981 ritur.''²s

159 1014 225 1062 47
387 1008 650 1063 eiusmodi
693 1008 911 1064 fabulae
949 1010 1247 1078 vibrabant,
1300 1026 1419 1063 cum
1458 1009 1784 1063 Trimalchio
1833 1009 2053 1063 intravit

247 1107 301 1155 et
338 1101 555 1156 detersa
590 1102 766 1156 fronte
802 1108 1078 1172 unguento
1115 1118 1307 1157 manus
1344 1103 1480 1157 lavit
1517 1103 1796 1173 spatioque
1832 1101 2052 1156 minimo

246 1195 560 1265 interposito
581 1189 865 1264 ‘ignoscite
885 1189 1029 1248 mihi’
1070 1195 1243 1264 inquit
1273 1190 1472 1262 ‘amici‚
1516 1195 1700 1249 multis
1724 1195 1834 1249 iam
1860 1194 2052 1249 diebus

163 1303 214 1344 10
249 1293 438 1342 venter
473 1288 605 1341 mihi
642 1305 748 1342 non
784 1287 1077 1358 respondit.
1133 1305 1233 1342 neo
1257 1287 1455 1341 medici
1492 1304 1552 1342 se
1575 1288 1871 1342 inveniunt.
1927 1304 2054 1357 pror
2111 1298 2119 1306 ‘

246 1379 347 1433 fuit
385 1381 518 1434 mihi
553 1387 736 1435 tamen
773 1381 1106 1435 malicorium
1143 1386 1197 1434 et
1232 1380 1397 1434 taeda
1421 1397 1489 1434 ex
1525 1386 1693 1434 aceto,
1774 1395 1931 1448 spero
1967 1386 2054 1434 ta—

245 1490 388 1540 men,
431 1473 539 1526 iam
576 1479 814 1527 veterem
850 1473 1111 1542 pudorem
1149 1473 1255 1527 sibi
1290 1472 1545 1542 imponet.
1635 1471 1878 1541 alioquin
1914 1472 2056 1526 circa

245 1566 579 1619 stomachum
635 1566 768 1619 mihi
825 1571 994 1635 sonat,
1057 1570 1214 1635 putes
1270 1570 1498 1619 taurum.
1591 1567 1775 1633 itaque
1831 1566 1879 1619 si
1936 1565 2055 1633 quis

244 1663 483 1711 vestrum
510 1659 739 1713 voluerit
766 1674 864 1712 sua
888 1676 946 1713 re
975 1660 1175 1728 [causa]
1219 1658 1418 1725 facere,
1460 1675 1567 1713 non
1605 1663 1688 1712 est
1724 1657 1866 1727 quod
1900 1658 2056 1711 illum

164 1767 213 1807 15
246 1750 531 1820 pudeatur.
610 1768 766 1806 nemo
811 1757 1050 1806 nostrum
1096 1750 1270 1806 solide
1314 1757 1475 1806 natus
1521 1755 1620 1805 est.
1701 1768 1802 1820 ego
1846 1751 2055 1804 nullum

243 1848 370 1912 puto
408 1848 520 1898 tam
557 1862 813 1914 magnum
850 1849 1183 1899 tormentum·
1220 1860 1342 1900 esse
1389 1861 1550 1912 quam
1588 1845 1875 1899 continere.
1947 1843 2050 1897 hoc
2079 1845 2308 1910 michele?
2370 1887 2377 1915 ·.

245 1937 418 1989 solum
463 1942 647 1992 vetare
691 1955 792 1993 nec
837 1938 982 1992 Iovis
1026 1943 1222 2008 potest.
1318 1937 1480 2003 rides,
1541 1938 1851 2004 Fortunata,
1913 1952 2053 2003 quae
2132 1919 2175 1956 P'
2199 1903 2251 1944 32
2362 1928 2372 1969 ἶ

245 2029 384 2082 soles
423 2047 509 2084 me
547 2036 701 2086 nocte
742 2031 1051 2085 desomnem
1090 2030 1302 2084 facere?
1360 2047 1461 2084 nec
1509 2035 1690 2083 tamen
1727 2029 1785 2082 in
1820 2028 2052 2083 triclinio

245 2121 414 2174 ullum
452 2127 614 2176 vetuo
653 2123 833 2177 facere
873 2122 1017 2191 quod
1056 2139 1115 2177 se
1152 2123 1314 2188 iuvet,
1367 2127 1421 2177 et
1469 2122 1667 2176 medici
1702 2127 1888 2176 vetant
1924 2138 2054 2175 con-

160 2231 214 2270 20
245 2214 436 2269 tinere.
516 2215 607 2269 vel
643 2215 690 2270 si
726 2215 855 2285 quid
892 2217 1014 2284 plus
1052 2215 1216 2283 venit⁷
1268 2215 1448 2270 omnia
1494 2215 1638 2269 foras
1675 2219 1866 2285 parata
1904 2219 2047 2267 sunt:

244 2322 406 2376 aqua,
460 2307 636 2361 lasani
676 2314 730 2362 et
766 2314 944 2364 cetera
980 2307 1284 2362 minutalia.
1364 2307 1567 2362 credite
1611 2307 1760 2376 mihi,
1817 2307 2052 2376 anathy-

243 2399 430 2454 miasis
485 2400 541 2454 in
587 2401 862 2455 cerebrum
909 2401 953 2455 it
1001 2406 1055 2455 et
1100 2401 1157 2454 in
1204 2406 1312 2455 toto
1351 2417 1569 2469 corpore
1623 2399 1843 2454 fluctum
1897 2399 2046 2453 facit.

180 2492 439 2561 Qultos
477 2492 587 2547 scio
626 2494 704 2547 sic
740 2493 983 2564 periisse,
1040 2494 1168 2548 dum
1218 2493 1407 2547 nolunt
1451 2493 1554 2548 sibi
1600 2510 1788 2547 verum
1836 2487 2048 2547 dicere².

245 2586 449 2653 gratias
474 2585 687 2655 agimus
713 2586 1028 2641 liberalitati
1052 2586 1536 2655 indulgentiaeque
1564 2586 1698 2654 eius7
1742 2591 1797 2640 et
1822 2584 2050 2639 subinde

161 2694 213 2734 25
247 2678 580 2746 castigamus
613 2679 812 2733 crebris
851 2679 1175 2749 potiunculis
1227 2679 1412 2733 risum.
1489 2695 1589 2732 nec
1624 2678 1803 2732 adhuc
1839 2677 2052 2732 scieba-

363 3223 390 3263 4
420 3233 564 3266 onera
596 3221 655 3264 H
694 3220 823 3265 olera
855 3221 1056 3280 Scheffer
1084 3220 1303 3264 Heinsius
1509 3222 1560 3263 12
1590 3224 1798 3266 veterem
1827 3219 2050 3263 Heinsius

248 3295 460 3335 ventrem
492 3292 551 3335 H
677 3293 731 3334 14
760 3304 844 3337 sua
873 3305 924 3337 re
953 3317 1012 3323 —
1041 3290 1198 3337 facere
1230 3292 1288 3335 H
1311 3292 1536 3336 Biicheler
1574 3304 1705 3337 suam
1735 3304 1832 3336 rem
1862 3289 2049 3335 facere?

253 3363 304 3404 17
334 3363 509 3415 vetare]
544 3366 751 3407 mutare?
781 3362 1005 3408 Biceheler
1105 3364 1156 3405 19
1185 3366 1328 3409 vetuo
1359 3363 1578 3406 Racheler
1616 3362 1749 3408 vetui
1781 3362 1841 3405 H
1921 3362 1975 3403 20
2007 3360 2049 3406 si

251 3433 365 3489 quid
395 3433 500 3490 plus
531 3448 615 3476 usu
645 3434 778 3479 venit
806 3434 1079 3493 Hirschfeld
1194 3434 1246 3477 21
1281 3435 1430 3480 lasani
1460 3433 1680 3478 Baebeler
1714 3433 1894 3477 lassant
1924 3432 1984 3476 H
