2418 3762
321 256 383 308 18
390 258 421 306 4
955 253 1082 299 Cena
1112 254 1484 301 Trimalchionis.
1612 237 1616 242 ¹
2154 291 2329 332 Buchel
2353 317 2357 325 ,

2234 377 2244 388 .
2266 347 2320 389 49

315 397 370 449 in
421 395 572 450 aditu
621 396 826 451 siccare
875 396 1077 465 coepit,
1130 397 1382 451 balneum
1430 398 1774 466 intravimuS,
1832 409 2121 470 angustum
2155 360 2230 459 Hp

317 488 518 543 scilicet
557 496 611 543 et
648 490 912 543 cisternae
951 489 1265 558 frigidariae
1305 490 1502 558 simile,
1558 493 1614 545 in
1653 509 1756 560 quo
1795 494 2122 550 Trimalchio

314 587 492 636 rectus
532 583 725 636 stabat.
784 599 847 635 ac
883 600 952 636 ne
990 583 1068 636 sic
1107 582 1324 651 quidem
1361 583 1757 654 putidissimam
1798 586 1913 640 eius
1950 587 2123 641 iacta-

312 675 512 728 tionem
560 674 713 728 licuit
764 675 1024 743 effugere;
1089 692 1214 729 nam
1265 676 1398 731 nihil
1456 677 1649 731 melius
1707 695 1826 732 esse
1883 678 2114 748 (licebat,

256 775 280 815 5
313 783 474 834 quam
514 767 630 820 sine
669 769 828 822 turba
865 768 1056 835 lavari,
1103 774 1156 822 et
1194 785 1256 822 eo
1294 769 1414 840 ipso
1452 771 1567 824 loco
1604 771 1898 839 aliquando
1937 772 2119 842 pistri-

311 876 438 911 num
478 858 664 913 fuisse.
734 859 933 914 deinde
969 866 1029 914 ut
1065 861 1300 915 lassatus
1339 863 1598 931 consedit,
1642 864 1900 918 invitatus
1937 866 2121 919 balnei

313 967 440 1005 sono
480 939 696 1006 diduxit
732 969 903 1021 usque
941 953 1013 1007 ad
1051 971 1317 1008 cameram
1357 972 1415 1009 os
1437 956 1661 1010 'ebrium
1702 962 1754 1010 et
1791 957 1968 1027 coepit
2003 958 2119 1012 Me-

310 1045 544 1098 necratis
582 1046 793 1099 cantica
830 1043 1087 1114 lacerare,
1135 1047 1272 1101 sicut
1308 1048 1391 1101 illi
1430 1048 1700 1118 dicebant,
1745 1050 1836 1117 qui
1874 1050 2119 1120 linguam

314 1137 430 1190 eius
467 1137 876 1206 intellegebant.
941 1135 1104 1193 ceteri
1143 1140 1399 1193 convivae
1439 1141 1581 1195 circa
1618 1142 1829 1196 labrum
1867 1144 2117 1198 manibus

229 1238 280 1279 10
311 1230 468 1283 nexis
520 1231 805 1284 currebant
850 1238 904 1285 et
952 1233 1258 1303 gingilipho
1308 1233 1517 1302 ingenti
1563 1236 1793 1288 clamore
1832 1237 2112 1290 sonabant.

309 1323 405 1375 alii
455 1329 632 1376 autem
688 1326 815 1392 [aut]
867 1325 1124 1378 restrictis
1175 1325 1423 1378 manibus
1471 1327 1662 1380 anulos
1702 1327 1770 1380 de
1807 1328 2117 1396 pavimento

308 1434 395 1467 ore
434 1416 761 1470 conabantur
798 1417 990 1470 tollere
1027 1423 1121 1471 aut
1158 1418 1331 1487 posito
1364 1434 1508 1486 genu
1534 1419 1770 1472 cervices
1806 1426 1928 1489 post
1963 1426 2118 1490 terga

306 1507 521 1562 flectere
569 1513 622 1562 et
667 1508 866 1577 pedum
913 1516 1181 1564 extremos
1226 1511 1452 1579 pollices
1488 1516 1733 1579 tangere.
1812 1529 1933 1580 nos,
1989 1513 2116 1567 dum

307 1600 402 1652 alii
459 1601 563 1654 sibi
620 1601 773 1655 ludos
832 1602 1060 1669 faciunt,
1129 1603 1186 1657 in
1242 1603 1462 1671 solium,
1533 1603 1676 1672 quod
1731 1605 2116 1660 Trimalchioni

223 1701 273 1740 15
305 1693 721 1762 temperabatur,
768 1694 1162 1749 descendimus.

327 1849 335 1856 δ
451 1802 577 1854 ergo
636 1786 894 1863 ebrietate
952 1786 1198 1842 discussa
1246 1788 1302 1842 in
1350 1789 1502 1843 aliud
1557 1789 1848 1844 triclinium
1898 1791 2115 1845 deducti

305 1894 508 1947 sumus,
565 1880 658 1933 ubi
695 1880 990 1934 Fortunata
1038 1881 1379 1952 disposuerat
1422 1883 1664 1936 lautitias
1717 1885 1879 1952 [suas]
1929 1884 2008 1938 ita
2056 1890 2115 1937 ut

304 1986 467 2040 supra
502 1972 751 2026 lucernas
1010 1975 1370 2042 aeneolosque
1396 1977 1694 2045 piscatores
1719 1977 2020 2030 notaverim
2059 1983 2115 2031 et

304 2079 522 2117 mensas
558 2050 700 2118 totas
739 2056 1026 2134 argenteas
1066 2068 1371 2134 calicesque
1410 2068 1551 2122 circa
1598 2068 1790 2123 fictiles
1836 2069 2114 2124 inauratos

219 2163 271 2204 20
305 2161 358 2208 et
402 2157 586 2209 vinum
635 2157 693 2210 in
743 2165 1032 2228 conspectu
1081 2176 1234 2213 sacco
1284 2159 1547 2214 defluens.
1581 2164 1584 2168 ’
1630 2167 1743 2215 tum
1782 2162 2110 2215 Trimalchio

301 2242 490 2301 'amici'
532 2249 705 2318 inquit
733 2248 921 2304 ‘hodie
959 2267 1146 2305 servus
1184 2269 1335 2306 meus
1373 2253 1735 2306 barbatoriam
1763 2254 1909 2320 fecit,
1953 2255 2111 2308 homo

300 2339 607 2409 praefiscini
645 2342 788 2411 frugi
825 2349 879 2397 et
914 2344 1185 2398 micariuS.
1261 2345 1444 2416 itaque
1470 2350 1823 2414 tangomenas
1848 2346 2111 2401 faciamus

218 2439 284 2486 74
304 2438 356 2486 et
412 2450 582 2502 usque
640 2435 695 2488 in
750 2436 925 2489 lucem
981 2426 1271 2491 cenemus.2
1349 2438 1484 2492 haec
1540 2438 1752 2493 dicente
1809 2457 1872 2493 eo
1927 2441 2109 2509 gallus

301 2525 637 2593 gallinaceus
666 2529 917 2583 cantavit.
997 2547 1106 2598 qua
1131 2547 1262 2584 voce
1290 2531 1542 2585 confusus
1570 2532 1895 2586 Trimalchio
1922 2533 2106 2587 vinum

268 2854 273 2858 .
414 2806 439 2847 2
479 2819 572 2863 quo
612 2807 834 2850 Bucheler
870 2821 962 2865 qua
1002 2809 1060 2852 H
1084 2803 1201 2851 ‘sine
1248 2809 1376 2852 dubio
1419 2810 1527 2853 haee
1566 2811 1857 2855 Petronianis
1892 2812 2110 2855 breviora*

297 2876 542 2920 Bachelerss
591 2879 615 2920 3
649 2878 907 2932 sic]1istie‘?
936 2878 1180 2923 Bachelerss
1206 2879 1320 2936 *ejus
1344 2879 1658 2937 jactationem
1689 2883 1907 2927 Heinsius
1947 2884 1992 2927 ei
2021 2896 2106 2928 ac-

297 2946 471 2991 tionem
503 2949 565 2992 H
639 2978 642 2981 ·
682 2950 733 2994 10
765 2950 1029 3006 gingilipho
1059 2950 1118 2992 H
1142 2950 1315 3006 singuli
1345 2951 1518 3008 sophos
1550 2940 1772 2996 Heinsius
1812 2953 1899 2998 Gai
1930 2954 2106 3010 sophos

295 3019 519 3063 Biieheler
550 3021 588 3063 I
617 3019 849 3066 sonabant
878 3019 1111 3082 Bacheceq
1131 3023 1397 3068 exonabant
1425 3026 1486 3068 H
1683 3026 1736 3067 12
1766 3039 1840 3067 ore
1872 3025 2103 3079 (dentibus)

297 3091 536 3134 Burmann
606 3093 658 3133 14
689 3091 784 3146 alii]
815 3088 943 3136 ‘malo
972 3088 1055 3137 illi'
1086 3083 1327 3138 Bachelerss
1364 3095 1413 3139 in
1443 3094 1610 3140 solium
1642 3095 1869 3140 Biicheler
1904 3097 1953 3140 in
1983 3095 2103 3141 solio

299 3162 496 3220 Scheffer
535 3163 584 3207 in
615 3162 718 3208 solo
750 3165 811 3208 H
994 3166 1046 3206 15
1078 3166 1427 3223 temperabatur
1455 3166 1672 3211 Heinsius
1711 3175 2001 3226 pervapatur
2029 3185 2103 3214 am

299 3232 461 3276 Raude
501 3235 560 3278 al.
594 3234 849 3290 parabatur
878 3235 939 3277 H
1108 3237 1160 3278 17
1192 3236 1403 3282 lautitias
1439 3238 1582 3295 [suas]
1617 3241 1841 3285 Baebeler
1888 3242 2100 3286 lautitias

230 3343 232 3346 ,
296 3315 404 3347 suas
436 3306 495 3347 H
649 3307 702 3348 21
736 3305 1050 3364 barbatoriam
1085 3307 1282 3366 Schqffer
1320 3308 1611 3354 babatoriam
1641 3310 1698 3353 H
1850 3313 1905 3354 22
1934 3317 2099 3368 tango-

297 3360 457 3419 menas
489 3378 548 3419 H
579 3366 884 3433 tengomefnas
914 3379 1135 3426 Baebeler
