2418 3762
302 274 404 326 180
940 271 1068 316 Cena
1098 270 1466 317 Trimalchionis.

299 414 441 482 quod
489 413 704 483 epulum
759 411 884 467 dedi
921 414 1075 468 binos
1115 412 1379 468 denarios.
1457 415 1745 482 faciantur,
1798 415 1843 468 si
1882 415 1980 469 tibi
2019 416 2103 469 vi-

301 507 470 573 detur,
518 512 571 560 et
608 506 857 560 triclinia.
924 506 1095 560 facias
1134 511 1188 560 et
1223 510 1393 561 totum
1428 508 1682 578 populum
1722 507 1826 561 sibi
1864 507 2102 562 suaviter

297 598 601 653 facientem.
670 600 741 653 ad
781 599 1056 653 dexteram
1095 616 1272 653 meam
1310 616 1479 669 ponas
1517 606 1749 654 statuam
1776 601 2102 655 Fortunatae

298 708 453 745 meae
493 689 1131 747 columbam'tenentem:
1185 698 1238 747 et
1276 693 1524 747 catellam
1566 693 1782 762 cingulo
1821 692 2102 762 alligatam

245 791 270 831 5
303 783 492 837 ducat:
538 789 592 837 et
630 785 929 838 cicaronem
967 802 1160 851 meum,
1201 793 1256 840 et
1291 785 1578 857 amphoras
1617 786 1861 855 copiosas
1899 802 2103 856 gypsa-

295 881 379 929 tas
396 903 412 944 ,·
460 892 529 929 ne
576 875 802 930 effluant
838 877 1040 931 vinum.
1121 883 1174 932 et
1211 896 1399 932 urnam
1436 879 1565 933 licet
1602 878 1826 931 fractam
1864 879 2095 947 sculpas,

296 973 350 1030 et
398 984 560 1040 super
609 987 729 1024 eam
774 987 1001 1040 puerum
1051 964 1367 1041 plorantem.
1441 971 1774 1040 horologium
1811 971 1869 1025 in
1906 971 2098 1035 medie,

295 1068 353 1116 ut
389 1062 634 1131 quisquis
672 1063 831 1117 horas
869 1063 1148 1133 inspiciet,
1202 1064 1334 1118 velit
1369 1066 1528 1129 nolit,
1573 1080 1766 1118 nomen
1804 1081 1981 1118 meum
2019 1064 2102 1117 le-

294 1160 402 1224 gat.
477 1155 755 1225 inscriptio
804 1172 1014 1224 quoque
1061 1156 1187 1210 vide
1227 1156 1518 1226 diligenter
1555 1156 1602 1210 si
1639 1157 1775 1210 haec
1813 1157 1945 1210 satis
1984 1149 2103 1210 ido'-

212 1257 265 1298 10
294 1265 399 1302 nea
436 1248 537 1303 tibi
573 1248 810 1302 videtur:
861 1248 964 1302 “O.
994 1250 1279 1318 Pompeius
1306 1249 1629 1302 Trimalchio
1667 1248 2104 1302 Maecenatianus

296 1340 384 1395 hie
420 1341 729 1410 requiescit.
807 1341 933 1394 huic
972 1342 1235 1395 seviratus
1275 1342 1490 1396 absenti
1527 1341 1772 1395 decretus
1811 1347 1911 1395 est.
1983 1358 2104 1393 cum

295 1439 478 1503 posset
525 1435 580 1486 in
632 1434 877 1487 omnibus
927 1433 1161 1488 decuriis
1213 1436 1413 1488 Romae
1473 1449 1620 1501 esse,
1678 1438 1863 1487 tamen
1909 1433 2099 1487 noluit.

295 1526 442 1596 piuS,
507 1526 682 1593 fortis,
739 1526 948 1592 fideliS,
1006 1543 1073 1580 ex
1129 1544 1295 1595 parvo
1353 1527 1545 1594 crevit,
1611 1525 1918 1580 sestertium
1973 1526 2103 1579 reli-

298 1620 415 1687 quit
451 1619 753 1687 trecentieS,
814 1636 1189 1688 necunquam
1226 1619 1604 1690 philosophum
1642 1618 1867 1672 audivit.
1946 1619 2096 1672 vale:

213 1719 264 1760 15
297 1717 352 1766 et
387 1711 567 1772 tufi-ik
1040 1707 1042 1709 ’

212 1799 278 1848 72
439 1805 575 1858 haec
611 1811 670 1858 ut
709 1805 846 1859 dixit
883 1806 1230 1874 Trimalchio,
1272 1805 1402 1860 flere
1440 1805 1616 1876 coepit
1641 1804 1891 1859 ubertim.
1939 1803 2105 1858 flebat

296 1902 351 1951 et
396 1897 722 1968 Fortunata,
775 1897 940 1952 flebat
987 1905 1041 1953 et
1077 1899 1385 1969 Habinnas,
1436 1903 1546 1952 tota
1591 1897 1823 1966 denique
1870 1896 2098 1960 familia,

294 1994 551 2058 tanquam
601 1992 659 2045 in
696 1991 855 2046 funus
893 1998 1106 2061 rogata,
1163 1992 1547 2046 lamentatione
1583 1990 1872 2045 triclinium
1908 1990 2105 2058 imple-

294 2082 386 2136 vit.
462 2083 622 2138 immo
669 2084 776 2137 iam
827 2100 1106 2154 coeperam
1155 2084 1315 2138 etiam
1366 2101 1467 2152 ego
1518 2084 1758 2154 plorare,
1815 2100 1935 2136 cum
1979 2083 2104 2135 Tri-

212 2174 266 2216 20
299 2175 529 2229 malchio
579 2171 737 2245 ‘ergo'
792 2177 968 2245 inquit
1006 2171 1151 2231 ‘cum
1196 2159 1430 2231 sciamus
1477 2192 1575 2231 nos
1627 2175 1907 2229 morituros
1958 2192 2097 2240 esse,

299 2284 463 2337 quare
510 2285 618 2323 non
664 2269 947 2324 vivamus?
999 2269 1075 2324 sic
1112 2286 1210 2324 vos
1248 2269 1435 2324 felices
1473 2268 1720 2338 videam,
1777 2267 2102 2323 coniciamus

296 2376 395 2415 nos
431 2355 498 2413 in¹
524 2362 797 2430 balneum,
842 2379 962 2416 meo
1000 2363 1266 2432 pericu10,
1319 2379 1429 2416 non
1465 2361 1778 2432 paenitebit.
1847 2361 1924 2415 sic
1962 2363 2103 2416 calet

293 2457 550 2521 tanquam
600 2449 822 2508 furnus'.
896 2449 1070 2522 ‘vero,
1129 2450 1271 2508 ver0³
1311 2455 1485 2524 inquit
1528 2455 1808 2508 Habinnas
1853 2449 1946 2508 ‘de
1994 2471 2104 2508 una

413 3252 431 3291 1
467 3249 702 3296 faciantur
739 3253 854 3295 Goes
894 3249 1093 3295 saciatur
1122 3251 1182 3295 H
1206 3252 1430 3297 Bicclwler
1646 3254 1672 3295 2
1703 3251 1848 3298 facias
1877 3252 2101 3297 Bito-hezer

296 3318 440 3434 fagies
473 3323 533 3365 H
618 3371 622 3374 ,
671 3323 696 3363 6
726 3335 890 3367 urnam
920 3323 1014 3366 Jac.
1054 3325 1229 3366 Gronov
1267 3337 1404 3369 unam
1434 3325 1494 3368 H
1521 3324 1633 3369 licet
1664 3325 1725 3368 H
1755 3323 1939 3369 scilicet
1971 3324 2099 3381 Βερε-

292 3391 348 3434 ba
382 3406 405 3435 e

2135 304 2298 344 Bt'ichel

2183 373 2226 412 p.
2247 359 2303 401 48

2123 430 2192 472 Ἠ
