2366 3756
2068 817 2247 858 Biichel·

2119 887 2162 927 p.
2186 873 2239 915 19

373 942 636 1004 lvenerat
671 938 778 991 iam
817 938 1005 993 tertius
1057 937 1190 1006 dies,
1241 938 1300 993 id
1346 945 1429 994 est
1478 942 1782 1011 expectatio
1831 940 2037 996 liberae
2067 945 2127 987 H

233 1047 416 1099 cenae,
463 1030 562 1085 sed
597 1036 676 1086 tot
711 1031 1023 1087 vulneribus
1062 1031 1322 1086 confossis
1359 1032 1491 1102 fuga
1542 1034 1714 1103 magis
1762 1033 2032 1104 placebat,

232 1142 394 1194 quam
432 1124 603 1194 quies.
681 1124 864 1194 itaque
911 1141 1029 1179 cum
1078 1125 1270 1179 maesti
1318 1124 1750 1194 deliberaremuS,
1804 1143 2036 1195 quonam

232 1234 432 1287 genere
487 1222 826 1287 praesentem
884 1217 1207 1272 evitaremus
1262 1218 1584 1288 procellam,
1654 1235 1791 1273 unus
1847 1237 2037 1275 servus

176 1320 202 1361 5
231 1309 652 1380 Agamemnonis
678 1310 1045 1381 interpellavit
1067 1310 1402 1381 trepidantes
1429 1316 1482 1365 et
1507 1306 1685 1380 ‘quid‘l
1721 1307 1832 1366 vos'
1861 1312 2040 1381 inquit

226 1396 483 1471 ‘nescitis,
535 1403 695 1458 hodie
734 1403 880 1474 apud
917 1420 1078 1473 quem
1114 1404 1240 1457 fiat‘?
1300 1404 1647 1465 Trimalchio,
1701 1392 2038 1460 lautissimus

127 1529 177 1539 κ
230 1495 403 1564 hom0,
456 1496 790 1566 horologium
839 1497 895 1550 in
933 1495 1165 1550 triclinio
1205 1501 1258 1549 et
1292 1495 1656 1550 bucinatorem
1705 1497 1870 1551 habet
1907 1498 2036 1552 sub-

231 1594 491 1656 ornatum,
543 1595 603 1644 ut
648 1589 875 1643 subinde
922 1588 1070 1655 sciat,
1132 1593 1387 1657 quantum
1439 1589 1506 1643 de
1553 1589 1667 1645 vita
1702 1585 2030 1661 perdiderit².

230 1681 507 1736 amicimur
544 1698 670 1752 ergo
709 1682 997 1751 diligenter
1033 1681 1184 1736 obliti
1211 1682 1446 1747 omnium
1473 1683 1733 1737 malorum
1759 1689 1814 1738 et
1839 1683 2038 1738 Gitona

146 1787 200 1828 10
230 1774 585 1829 libentissime
632 1774 828 1829 servile
873 1774 1106 1829 officium
1152 1779 1391 1829 tuentem
1436 1792 1606 1844 usque
1654 1776 1755 1831 hoc
1790 1776 2034 1830 iubemus

230 1867 287 1924 in
324 1869 512 1923 balneo
552 1868 724 1937 sequi.

147 2061 213 2112 27
373 2069 470 2107 nos
509 2053 723 2127 interim
749 2053 932 2119 vestiti
957 2070 1135 2108 errare
1167 2052 1438 2123 coepimus
1677 2054 1839 2107 immo
1864 2054 2030 2109 iocari

230 2146 403 2215 magis
443 2152 495 2199 et
515 2146 727 2200 circulis
754 2132 1062 2215 [ludentem]
1092 2145 1365 2215 accedere,
1392 2162 1510 2200 cum
1538 2147 1712 2201 subito
1745 2146 1755 2219 Ι
1786 2147 2035 2202 videmus
2066 2153 2164 2196 HL

232 2254 416 2292 senem
433 2239 660 2306 calvum,
677 2239 860 2293 tunica
874 2239 1126 2294 vestitum
1143 2255 1349 2308 russea,
1373 2239 1513 2293 inter
1531 2256 1727 2309 pueros
1747 2240 2031 2310 capillatos

146 2345 200 2387 15
231 2331 504 2385 ludentem
542 2332 670 2402 pila.
751 2349 851 2386 nec
877 2337 988 2386 tam
1013 2332 1166 2403 pueri
1189 2348 1303 2401 noS,
1348 2348 1673 2402 quamquam
1698 2338 1812 2386 erat
1837 2350 2031 2403 operae

228 2424 477 2494 pretium,
533 2425 605 2478 ad
642 2426 1009 2495 spectaculum
1049 2425 1330 2494 duxerant,
1382 2418 1543 2494 quam
1587 2425 1707 2496 ipse
1756 2431 1910 2495 pater
1945 2426 2030 2479 fa-

229 2517 429 2585 miliae,
476 2518 566 2586 qui
593 2518 830 2573 soleatus
854 2518 966 2589 pila
991 2519 1212 2589 prasina
1239 2518 1608 2572 exercebatur.
1661 2535 1762 2573 nec
1798 2518 2032 2588 amplius

229 2627 348 2664 eam
385 2610 663 2681 repetebat
696 2627 837 2680 quae
873 2616 1067 2665 terram
1105 2611 1414 2680 contigerat,
1460 2610 1558 2665 sed
1594 2610 1776 2666 follem
1812 2592 2031 2681 plenum

227 2703 466 2758 habebat
491 2694 677 2758 servus
704 2703 1110 2773 sufficiebatque
1136 2704 1462 2758 ludentibus.
1539 2705 1843 2759 notavimus
1869 2704 2029 2758 etiam

142 2808 314 2871 2opres
368 2813 557 2852 novas.
634 2814 778 2850 nam·
815 2797 920 2850 duo
965 2797 1244 2868 spadones
1298 2797 1355 2851 in
1405 2796 1621 2852 diversa
1657 2803 1810 2868 parte
1848 2787 2031 2851 circuli

229 2888 462 2956 stabant,
508 2905 729 2957 quorum
768 2890 905 2944 alter
941 2891 1217 2944 matellam
1263 2891 1483 2945 tenebat
1518 2895 1849 2960 argenteam,
1894 2890 2033 2944 alter

346 3161 397 3202 10
428 3159 740 3206 libentissime
771 3159 943 3208 servile
974 3159 1178 3206 officium
1209 3165 1419 3207 tuentem
1449 3173 1594 3219 usque
1621 3161 1727 3215 hoc]
1759 3172 1906 3217 usque
1936 3159 2031 3204 hoc

228 3228 537 3276 libentissime
567 3231 737 3277 servile
767 3230 973 3277 officium
1002 3236 1245 3278 tuentem?
1273 3234 1362 3291 ²192·
1396 3232 1465 3276 die
1494 3234 1632 3276 Anm.
1706 3234 1752 3274 11
1786 3231 1954 3277 balneo
1970 3233 2035 3275 Ἠ

225 3299 396 3345 balnea
425 3302 548 3345 Jahn
578 3303 830 3348 Bacheler³
1062 3305 1113 3346 12
1143 3316 1230 3350 nos
1259 3303 1446 3350 interim
1482 3304 1592 3348 ohne
1622 3304 1775 3348 Lache
1802 3302 2026 3346 Bacheler

227 3371 280 3413 17
313 3372 408 3428 qui]
442 3372 551 3430 quia
578 3373 638 3415 H
