2418 3762
270 245 370 296 136
905 237 1032 282 Cena
1062 234 1434 281 Trimalchionis.

410 384 479 438 ab
516 383 618 436 hoc
655 381 1042 451 epigrammate
1077 378 1083 450 Ι
1118 376 1294 448 coepit
1329 382 1605 448 poetarum
1644 392 1764 431 esse
1801 375 2000 430 mentio

552 474 753 541 diuque
791 488 999 527 summa
1036 470 1284 525 carminis
1320 485 1487 540 penes
1522 470 1768 540 Mopsum
1808 467 2072 521 Thracem

266 573 561 623 memorata
599 571 682 620 est
1344 561 1513 617 donec
1547 560 1875 616 Trimalchio
1912 553 2075 629 ‘rogo'
2123 575 2129 580 ·

266 661 441 730 inquit
471 655 945 728 ‘magister‚—--quid
981 661 1141 726 putas
1176 655 1315 710 inter
1339 654 1651 710 Ciceronem
1690 660 1743 708 et
1780 652 2072 708 Publilium

211 764 235 804 5
266 754 565 807 interesse?
640 767 740 820 ego
789 749 1017 804 alterum
1066 753 1193 819 puto
1239 747 1575 802 disertiorem
1612 746 1798 815 fuisse,
1843 747 2071 801 alterum

268 845 642 900 honestiorem.
722 842 852 911 quid
890 840 1031 896 enim
1069 841 1153 895 his
1191 841 1383 895 melius
1422 840 1527 894 dici
1564 844 1775 910 potest?

478 964 766 1027 “luxuriae
804 950 939 1016 rictu
976 962 1162 1016 Martis
1199 967 1442 1016 marcent
1478 962 1705 1015 moenia.

526 1064 617 1112 tuo
654 1057 837 1125 palato
874 1055 1090 1110 clausus
1127 1071 1266 1124 pavo
1301 1055 1543 1124 pascitur

525 1151 766 1221 plumato
804 1149 1031 1202 amictus
1069 1163 1233 1201 aureo
1271 1146 1617 1216 BabylonicO,

187 1254 238 1295 10
529 1242 735 1311 gallina
772 1240 872 1295 tibi
908 1239 1213 1307 Numidica,
1258 1238 1360 1292 tibi
1398 1239 1577 1306 gallus
1616 1239 1810 1307 spado;

528 1335 735 1389 ciconia
774 1333 958 1400 etiam,
1001 1337 1157 1400 grata
1194 1330 1482 1400 peregrina
1518 1330 1733 1400 hospita

527 1425 916 1496 pietaticultrix
953 1423 1243 1493 gracilipes
1281 1422 1602 1476 crotalistria

529 1519 645 1573 avis
683 1518 810 1572 exul
847 1516 1056 1580 hiemis,
1101 1515 1292 1569 titulus
1331 1514 1504 1584 tepidi
1538 1517 1813 1586 temporiS‚

526 1611 799 1679 nequitiae
836 1609 1023 1662 nidum
1059 1608 1117 1662 in
1155 1608 1386 1661 caccabo
1423 1607 1552 1662 fecit
1589 1608 1768 1662 modo.

187 1716 239 1756 15
529 1721 633 1772 quo
670 1702 1033 1770 margaritam
1055 1717 1235 1755 caram
1271 1700 1386 1767 tibi,
1426 1701 1618 1754 bacam
1655 1701 1935 1755 Indicam?

529 1813 599 1850 an
622 1801 682 1849 ut
706 1801 952 1848 matrona
977 1800 1165 1848 ornata
1190 1793 1430 1866 phaleris
1455 1794 1688 1864 pelagiis

527 1889 680 1943 tollat
716 1887 885 1957 pedes
921 1886 1185 1940 indomita
1220 1887 1278 1939 in
1317 1892 1484 1940 strato
1522 1891 1813 1942 extraneo‘?

529 1980 878 2049 zmaragdum
890 1979 962 2032 ad
976 1996 1140 2047 quam
1152 1995 1266 2033 rem
1279 1979 1526 2047 viridem,
1543 1980 1836 2050 pretiosum
1853 1982 2081 2036 vitrum?

532 2090 636 2140 quo
676 2071 1073 2126 Carchedonios
1110 2076 1266 2141 optas
1303 2072 1458 2140 ignes
1494 2071 1774 2142 lapideos?

186 2171 241 2212 20
530 2165 636 2219 nisi
672 2170 732 2218 ut
769 2164 1026 2219 scintillet
1062 2163 1302 2234 probitas
1340 2181 1370 2218 e
1410 2165 1767 2219 carbunculis.

530 2274 763 2326 aequum
801 2262 882 2311 est
917 2256 1143 2310 induere
1179 2261 1402 2325 nuptam
1438 2262 1656 2311 ventum
1693 2257 1954 2326 textilem,

529 2350 712 2419 palam
749 2353 992 2420 prostare
1031 2347 1232 2402 nudam
1269 2348 1326 2402 in
1363 2349 1564 2403 nebula
1600 2349 1804 2403 linea‘P'

186 2485 255 2535 56
413 2472 419 2543 Ι
453 2471 595 2541 quod
632 2464 824 2524 autem'
866 2469 1038 2538 inquit
1075 2464 1342 2540 ‘putamus
1380 2469 1676 2524 secundum
1712 2471 1895 2525 literas
1934 2471 2079 2524 diffi-

273 2565 530 2620 cillimum
569 2579 691 2618 esse
727 2562 1042 2617 artificium?
1103 2579 1204 2630 ego
1253 2567 1383 2632 puto
1430 2563 1698 2616 medicum
1746 2569 1799 2618 et
1833 2582 2081 2618 nummu-

187 2667 242 2709 25
273 2658 489 2711 larium:
516 2730 521 2733 μ
548 2654 808 2724 medicUS‚
863 2655 957 2724 qui
1005 2654 1105 2709 scit
1153 2654 1284 2722 quid
1320 2651 1702 2710 homunciones
1739 2656 1880 2710 intra
1917 2674 2079 2726 prae-

392 2847 412 2887 1
446 2847 604 2902 coepit
632 2852 876 2903 poetarum
905 2849 965 2891 H
992 2850 1238 2902 poetarum
1268 2847 1426 2903 coepit
1446 2848 1534 2890 LO
1607 2848 1632 2889 2
1665 2850 1932 2902 memorata]
1960 2860 2079 2892 com-

271 2921 453 2962 morata
464 2916 598 2961 eodex
608 2917 878 2963 Messanius.
903 2917 1092 2975 dempsit
1111 2917 1379 2975 epitomator
1390 2933 1442 2961 ex
1453 2917 1724 2962 Petroniano
1744 2917 2080 2963 Trimalchionis

272 3001 472 3032 sermone
503 2993 617 3043 erat,
653 2988 706 3033 de
738 3004 817 3033 suo
849 2988 1029 3033 addidit
1058 3001 1148 3046 que
1179 2992 1220 3032 et
1249 2992 1503 3034 memorata
1534 2993 1608 3034 est
1628 2988 1870 3034 Bachezeaess
1932 2993 1958 3032 4
1988 3003 2080 3046 pu-

272 3063 348 3103 tas
379 3061 440 3103 H
462 3062 600 3116 putes
630 3059 718 3104 LO
758 3060 1015 3107 Publilium
1046 3059 1268 3104 Biicheler
1307 3060 1519 3116 publium
1552 3060 1696 3104 HLO
1767 3062 1792 3101 7
1823 3061 1949 3106 rictu
1978 3062 2078 3105 Ba·-

272 3130 415 3173 cheler
449 3130 582 3176 victu
614 3131 833 3175 Heinsius
875 3131 933 3176 ab
963 3132 1064 3176 ictu
1093 3130 1294 3175 Mossler
1395 3131 1419 3173 8
1451 3131 1662 3188 pascitur
1693 3131 1895 3191 Scaliqer
1922 3131 2078 3175 Dousa

271 3199 479 3244 nascitur
516 3202 577 3245 H
670 3203 722 3244 12
752 3202 1100 3259 pietaticultrix
1130 3203 1173 3246 L
1210 3202 1406 3257 pietatis
1439 3202 1611 3247 cultrix
1640 3201 1700 3244 H
1702 3204 1741 3246 O
1856 3204 1909 3245 14
1937 3202 2077 3246 modo

272 3271 498 3315 Bz'icheler
527 3284 632 3317 meo
654 3274 749 3317 HL
835 3275 887 3316 15
918 3276 1041 3318 sonst
1068 3272 1151 3317 wie
1180 3273 1242 3316 im
1278 3273 1389 3317 Text
1420 3273 1652 3326 Heinsius,
1687 3272 1937 3325 Βιῖοῆοῐωθ,
1975 3274 2079 3316 aber

273 3341 525 3397 margarita
569 3355 693 3387 cara.
749 3344 934 3390 tribaca
970 3345 1135 3390 Indica
1163 3344 1285 3388 HM
1307 3345 1526 3389 Biieheler
1557 3346 1594 3389 I
1623 3344 1822 3388 Ribbeck
1864 3342 2077 3402 Wolfflin

2102 261 2328 304 Biiehelet³

2155 333 2199 372 p.
2214 319 2269 360 36
2283 367 2288 373 ,

2104 388 2246 432 HLO

2109 2260 2341 2304 Biicheler³

2159 2335 2202 2373 p.
2226 2319 2279 2360 37
2393 2363 2399 2380 1

2103 2483 2167 2531 ,Η
