2418 3762
850 311 1218 370 Anmerkungen
1250 324 1308 358 zu
1338 313 1407 359 60.
1439 312 1510 357 61.
1985 312 2089 365 285

273 455 431 503 reiche
462 455 675 503 Beweise
707 453 792 500 der
823 454 982 501 Macht
1011 455 1108 501 und
1132 453 1479 502 Wunderkraft
1517 452 1704 501 solcher
1733 453 1868 500 Idole
1898 452 2090 499 weitere

272 527 592 584 Verbreitung
620 524 791 571 finden.

387 608 517 645 unus
575 594 807 654 pateram
857 596 963 641 vini
1003 595 1366 644 circumferens
1416 596 1507 643 ‘dil
1557 593 1786 654 propitii’
1817 594 2089 642 clamabat.

270 669 404 717 Serv.
428 669 487 715 A.
513 669 536 713 I
561 669 644 711 730
673 666 818 724 Apud
847 668 1085 714 Romanos
1116 668 1258 715 etiam
1288 681 1404 714 cena
1434 669 1564 715 edita
1593 668 1886 727 sublatisque
1916 669 2091 715 mensis

268 741 433 799 primis
454 738 692 787 silentium
714 737 815 784 fieri
847 739 1046 792 solebat,
1082 740 1238 798 quoad
1269 753 1326 785 ea
1357 752 1479 798 quae
1500 739 1559 786 de
1581 752 1696 786 cena
1715 739 1865 787 libata
1884 737 2086 792 fuerant,

267 813 331 858 ad
366 811 523 858 focum
553 809 787 857 ferrentur
826 814 875 856 et
906 812 953 856 in
983 812 1138 869 ignem
1170 813 1392 858 darentur
1431 824 1487 857 ac
1526 824 1643 870 puer
1675 812 1807 857 ‘deos
1844 810 2089 868 propitios'

268 884 550 936 nuntiasset,
593 886 648 928 ut
687 881 781 927 diis
818 881 965 928 honor
1003 883 1253 930 haberetur
1282 884 1499 930 tacendo.
1533 887 1660 942 -1·que
1690 895 1777 928 nos
1809 895 1911 928 cum
1940 883 2089 928 inter-

267 955 416 1001 cessit
445 955 567 1000 inter
587 953 861 1008 cenandum,
896 953 1064 999 Graeci
1096 967 1281 1013 quoque
1311 952 1424 998 θεῶν
1456 954 1689 1013 παρουσίαν
1721 954 1900 1000 dicunt.
1964 953 2088 999 Mar-

266 1026 440 1085 quardt
470 1024 570 1072 StV
599 1025 671 1070 III
703 1026 833 1079 126,ss
863 1024 942 1070 Prl
973 1026 997 1070 I
1027 1027 1108 1068 327
1131 1025 1271 1071 Anm.
1317 1026 1441 1071 Dass
1472 1025 1559 1071 mit
1587 1025 1694 1071 dem
1730 1025 1845 1078 (hier
1873 1025 1965 1070 wel
1994 1037 2088 1070 von

263 1098 375 1143 dem
403 1096 699 1154 Epitomator
730 1097 1111 1154 ausgelassenen)
1144 1095 1447 1154 Speiseopfer
1485 1098 1589 1143 eine
1619 1096 1954 1154 Weinspende
1982 1108 2087 1143 ver-

264 1167 456 1215 bunden
485 1181 599 1220 war,
633 1167 769 1226 ⁴zeigl:
797 1180 963 1214 ausser
993 1169 1150 1214 dieser
1180 1168 1327 1214 Stelle
1355 1168 1520 1215 Horat.
1557 1168 1686 1215 (LIV
1716 1168 1818 1220 5,33
1858 1171 1907 1213 te
1936 1167 2087 1213 multa

262 1251 403 1296 prece
444 1243 493 1284 te
532 1239 835 1297 prosequitur
875 1253 1003 1285 mero
1033 1239 1216 1286 Defuso
1260 1240 1438 1298 pateris
1468 1244 1518 1285 et
1548 1240 1728 1285 laribus
1759 1243 1890 1285 tuum
1921 1239 2087 1284 Miscet

263 1323 448 1356 numen.
530 1311 667 1356 Doch
712 1311 797 1356 das
835 1311 1160 1369 Wegnehmen
1204 1311 1288 1356 der
1331 1323 1521 1357 mensae
1563 1311 1742 1368 primae
1787 1310 1961 1367 erfolgt
2004 1310 2084 1356 bei

260 1383 437 1428 Petron
468 1387 566 1429 erst
607 1381 661 1426 68
705 1394 811 1427 cum
853 1383 1085 1429 secundas
1116 1395 1303 1428 mensas
1334 1382 1622 1428 Trimalchio
1647 1381 1874 1440 jussisset
1904 1380 2077 1436 afferri,

262 1453 557 1500 sustulerunt
588 1453 714 1499 servi
744 1467 906 1500 omnes
935 1467 1121 1500 mensas
1152 1458 1202 1499 et
1233 1454 1351 1500 alias
1381 1454 1658 1499 attulerunt.
1839 1494 1841 1496 .

379 1526 430 1568 61
494 1524 764 1580 postquam
783 1534 905 1579 ergo
926 1535 1095 1571 omnes
1127 1524 1308 1571 bonam
1326 1524 1547 1571 mentem
1577 1524 1858 1580 bonamque
1887 1522 2082 1570 valetu-

256 1595 427 1641 dinem
487 1595 590 1641 sibi
644 1594 908 1651 optarunt.
995 1595 1218 1643 Offenbar
1261 1611 1360 1643 war
1395 1609 1447 1642 es
1476 1596 1555 1642 bei
1587 1596 1742 1642 dieser
1771 1596 2084 1653 Gelegenheit

259 1667 437 1720 iiblieh,
479 1668 610 1714 diese
647 1668 768 1712 auch
810 1673 943 1713 sonst
980 1669 1030 1713 in
1071 1668 1287 1714 Gebeten
1325 1680 1445 1726 ganz
1485 1668 1739 1725 allgemein
1774 1670 2083 1725 geausserten

256 1737 499 1785 Wiinsche
529 1740 922 1796 auszusprechen‚
954 1740 1051 1784 und
1081 1753 1205 1786 zwar
1234 1740 1320 1785 mit
1349 1739 1513 1785 diesen
1532 1740 1746 1785 Worten.
1808 1739 1998 1786 Petron.
2025 1740 2080 1783 88

256 1811 364 1869 quis
403 1810 594 1868 inqu-am
633 1812 767 1857 venit
807 1811 856 1856 in
895 1810 1122 1869 templ-um
1163 1815 1213 1857 et
1250 1815 1412 1857 votum
1453 1809 1567 1856 fecit
1598 1811 1639 1855 si
1670 1811 1730 1856 ad
1761 1811 2080 1869 eloquentiam

258 1883 592 1939 pervenisset?
631 1894 687 1927 ac
706 1895 766 1927 ne
786 1882 957 1928 bonam
986 1883 1180 1940 quidem
1208 1887 1413 1928 mentem
1445 1887 1528 1928 aut
1559 1882 1728 1928 bonam
1759 1882 2077 1928 valetudinem

255 1957 437 2012 petunt,
477 1954 563 1999 sed
604 1954 765 1999 statim
794 1958 1046 2012 antequam
1077 1955 1218 1999 limen
1250 1953 1476 2011 Capitolii
1506 1957 1717 2011 tangant,
1750 1952 1873 1999 alius
1903 1955 2078 1999 donum

255 2025 490 2082 promittit
520 2027 610 2070 etc.
672 2023 850 2071 Seneca
870 2025 990 2082 Epp.
1016 2026 1112 2079 10,4
1132 2029 1350 2072 votorum
1380 2029 1567 2071 tuorum
1597 2030 1809 2072 veterum
1840 2025 1955 2072 licet
1984 2026 2078 2071 diis

250 2096 457 2154 gratiam
478 2095 642 2150 facias,
669 2096 764 2141 alia
785 2097 842 2141 de
863 2096 1048 2153 integro
1070 2097 1284 2153 suscipe:
1318 2109 1434 2153 roga
1454 2096 1626 2142 bonam
1656 2101 1871 2151 mentem,
1904 2097 2077 2143 bonam

251 2167 577 2214 valetudinem
607 2167 764 2221 animi,
800 2167 973 2213 deinde
1002 2171 1118 2213 tunc
1147 2168 1371 2226 corporis.
1432 2168 1530 2212 Der
1559 2168 1802 2215 bekannte
1834 2169 1956 2214 Vers
1986 2168 2076 2214 Ju-

250 2239 405 2286 venal.
438 2239 592 2293 10‚356
623 2239 849 2284 orandum
870 2243 945 2285 est
964 2243 1019 2284 ut
1039 2239 1102 2284 sit
1120 2252 1252 2285 mens
1283 2252 1398 2285 sana
1427 2240 1477 2284 in
1506 2252 1702 2296 corpore
1734 2252 1848 2284 sano
1879 2240 1944 2286 ist
1975 2240 2076 2285 also

252 2325 340 2356 nur
370 2311 475 2357 eine
507 2310 653 2355 andre
674 2309 812 2355 Form
844 2310 1001 2357 dieses
1023 2310 1213 2365 Gebets,
1246 2311 1332 2357 das
1365 2310 1486 2356 auch
1516 2311 1672 2356 Horaz
1695 2310 1747 2356 O.
1772 2311 1795 2354 I
1826 2311 2074 2365 31,17-19

248 2382 345 2427 frui
389 2381 571 2439 paratis
611 2386 662 2427 et
700 2381 850 2426 valido
894 2382 1008 2427 mihi
1039 2383 1208 2434 Latoe‚
1261 2382 1408 2427 dones
1452 2395 1510 2426 ac
1539 2395 1708 2439 precor
1753 2383 1931 2442 inteyra
1977 2398 2074 2427 cum

251 2457 395 2498 mente
424 2454 489 2498 im
519 2451 661 2497 Sinne
690 2452 837 2499 hatte.
877 2454 989 2510 Vgl.
1023 2454 1100 2498 die
1130 2452 1273 2500 Anm.
1303 2467 1398 2499 von
1426 2453 1592 2511 Mayor
1620 2466 1680 2500 zu
1710 2453 1927 2501 Juvenal.
1960 2455 1990 2499 l.
2022 2454 2067 2509 l.‚

250 2539 325 2571 wo
356 2524 419 2570 all
451 2525 583 2569 diese
615 2523 793 2570 Stellen
822 2523 1078 2581 angefiihrt
1106 2525 1227 2570 sind.

365 2604 487 2649 ergo
518 2595 683 2640 deutet
713 2594 832 2639 auch
863 2594 966 2640 hier
995 2593 1081 2640 auf
1107 2595 1212 2640 eine
1242 2595 1482 2653 Kiirzung.
1550 2596 1616 2642 Zu
1649 2598 1700 2640 31
1734 2598 1924 2643 tandem
1956 2610 2069 2655 ergo

246 2666 587 2713 discubuimus.
1082 2711 1087 2716 .

364 2735 565 2783 solebas
597 2737 802 2783 suavius
833 2746 944 2783 esse
974 2737 1065 2783 wie
1097 2739 1166 2784 64.
1227 2737 1464 2785 Guerieke
1498 2742 1565 2784 54.

363 2809 439 2855 sic
469 2807 671 2853 felicem
701 2820 780 2854 me
809 2807 1000 2865 videas,
1031 2817 1187 2854 narra
1217 2807 1346 2856 illud
1376 2810 1508 2865 quod
1539 2811 1636 2857 tibi
1667 2820 1763 2856 usu
1792 2809 1950 2856 venit.
2014 2813 2067 2854 72

245 2883 317 2928 sic
344 2893 434 2926 vos
464 2879 628 2926 felices
657 2881 857 2935 videam,
890 2880 1172 2927 coniciamus
1201 2894 1287 2928 nos
1318 2883 1368 2927 in
1396 2883 1629 2928 balneum.

361 2962 504 2998 omne
534 2961 613 2997 me
642 2951 841 2998 lucrum
871 2951 1121 3009 transeat,
1150 2953 1269 2999 nisi.
1330 2954 1399 2999 Zu
1430 2955 1484 2997 58
1514 2955 1585 3001 ita
1612 2955 1793 3000 lucrum
1822 2953 2006 3000 faciam.

360 3022 680 3077 gaudimonio
710 3022 928 3070 dissilio.
968 3025 1318 3081 gaudimonium
1348 3026 1439 3071 wie
1470 3027 1524 3069 63
1556 3040 1661 3071 cum
1684 3051 1743 3059 —
1772 3039 1857 3072 nos
1880 3030 1980 3084 tum
2008 3050 2066 3059 —

243 3097 293 3141 in
323 3095 609 3141 tristimonio
639 3107 862 3142 essemus.
925 3097 1117 3144 Rlinsch
1149 3098 1252 3152 28*)
1286 3098 1489 3155 Ludwig
1520 3099 1574 3140 29
1606 3096 1843 3144 Guericke
1874 3099 1945 3141 31.

361 3164 560 3211 dissilio
599 3168 689 3212 wie
722 3170 773 3210 75
817 3167 1049 3215 felicitate
1092 3169 1276 3215 dissilio
1319 3168 1499 3215 Seneca
1527 3170 1648 3228 Epp.
1685 3171 1839 3224 113‚26
1881 3169 2064 3216 dissilio

244 3239 365 3292 risu,
412 3250 518 3282 cum
561 3238 676 3283 mihi
728 3250 939 3297 propono
984 3240 1314 3287 soloecismum
1363 3246 1452 3287 etc.
1540 3242 1650 3298 Vgl.
1699 3254 1888 3299 rumpor
1935 3242 2060 3296 (risu,

242 3308 435 3362 invidia)
478 3308 631 3354 findor
661 3310 801 3363 (Pers.
834 3313 907 3366 3,9
939 3324 1000 3357 sc.
1033 3312 1103 3357 ira
1133 3312 1288 3357 Plaut.
1319 3312 1493 3359 Bacch.
1527 3314 1608 3356 251
1645 3325 1726 3358 cor
1755 3314 1820 3358 mi
1851 3317 1900 3359 et
1930 3325 2062 3359 cere-

239 3379 376 3427 brum
418 3379 611 3426 finditur
650 3381 797 3428 Istius
828 3382 1028 3430 hominis
1059 3383 1140 3430 ubi
1182 3384 1236 3430 fit
1276 3396 1508 3442 quomque
1538 3385 1748 3439 mentio).
1811 3385 1918 3442 Vgl.
1950 3384 2060 3430 Otto

241 3449 342 3509 Spr.
374 3464 601 3510 rumpere.
