2418 3762
344 254 442 306 186
978 251 1106 296 Cena
1136 250 1510 297 Trimalchionis.
2175 284 2339 326 michel

338 395 438 449 sub
476 409 664 448 mensa
702 393 860 448 iussit
898 393 1101 447 effundi
1138 394 1522 464 lucernamque
1560 394 1723 449 etiam
1761 410 1907 448 mero
1946 396 2143 466 spargi.
2181 355 2273 454 Hp·
2296 341 2349 382 5⁰

334 487 497 540 immo
547 486 768 540 anulum
814 484 1025 539 traiecit
1072 485 1128 538 in
1173 485 1451 541 dexteram
1500 505 1717 542 manum
1770 493 1824 542 et
1857 482 1983 542 ‘non
2030 488 2148 542 sine

337 574 514 634 causa'
555 579 730 647 inquit
765 573 871 632 ‘hic
908 578 1134 633 bucinus
1174 579 1385 648 signum
1425 579 1602 646 dedit3
1656 597 1780 634 nam
1830 586 1926 635 aut
1962 580 2148 635 incen-

337 671 484 725 dium
524 675 732 740 oportet
767 670 876 737 fiat,
927 675 1020 724 aut
1065 670 1260 740 aliquis
1308 671 1366 725 in
1401 672 1602 726 vicinia
1651 673 1887 727 animam
1933 673 2145 728 abiciet.

280 776 304 816 5
334 765 495 832 longe
546 781 580 817 a
626 763 801 818 nobis.
891 763 1077 832 itaque
1127 764 1371 833 quisquis
1417 765 1561 819 hunc
1604 765 1838 820 indicem
1886 766 2141 832 attulerit,

337 856 677 910 corollarium
714 849 980 926 accipiet.³
1061 854 1202 911 dicto
1247 857 1405 912 citius
1444 857 1512 912 de
1549 858 1749 912 vicinia
1787 859 1968 927 gallus
2006 859 2148 912 alla-

333 954 421 1003 tus
461 954 561 1017 est,
625 965 784 1017 quem
823 948 1150 1003 Trimalchio
1209 950 1379 1002 occidi
1429 950 1601 1018 iussit,
1664 957 1725 1005 ut
1778 967 1915 1005 aeno
1967 958 2147 1006 coctus

333 1041 503 1096 fieret.
580 1042 849 1096 laceratus
885 1041 1051 1111 igitur
1089 1043 1158 1097 ab
1195 1043 1296 1097 illo
1335 1042 1641 1098 doctissimo
1668 1060 1809 1110 cccc,
1855 1044 1946 1113 qui
1981 1044 2145 1115 paulo

334 1139 462 1188 ante
520 1134 589 1188 de
644 1151 806 1204 porco
854 1151 986 1190 aves
1037 1135 1324 1205 piscesque
1369 1136 1586 1204 fecerat,
1636 1136 1694 1190 in
1738 1137 2026 1190 caccabum
2065 1142 2148 1191 est

252 1239 305 1281 10
337 1227 626 1281 coniectuS.
731 1226 963 1296 dumque
1020 1227 1300 1282 Daedalus
1357 1228 1626 1298 potionem
1694 1227 2146 1284 ferventissimam

333 1319 529 1387 haurit,
573 1321 868 1374 Fortunata
905 1320 1050 1374 mola
1087 1321 1266 1374 buxea
1304 1321 1461 1390 piper
1500 1320 1662 1375 trivit.

476 1547 701 1616 sumptis
737 1547 902 1615 igitur
939 1548 1156 1602 matteis
1193 1548 1488 1617 respiciens
1515 1548 1588 1602 ad
1625 1548 1888 1604 familiam
1913 1532 2146 1604 Trimal-

333 1633 639 1707 chio‘quid
677 1634 786 1694 vos'
828 1639 1004 1708 inquit
1039 1635 1236 1694 ‘adhuc
1272 1658 1381 1695 non
1419 1641 1691 1695 cenastis‘?
1745 1642 1910 1711 abite,
1954 1648 2014 1696 ut
2050 1643 2145 1696 alii

331 1732 550 1786 veniant
604 1732 675 1786 ad
731 1726 998 1786 officium.²
1079 1732 1243 1787 subiit
1297 1733 1464 1802 igitur
1519 1734 1629 1788 alia
1681 1734 1891 1797 classis,
1955 1740 2009 1789 et
2061 1735 2146 1788 illi

247 1838 297 1878 15
330 1825 546 1894 quidem
574 1826 976 1880 exclamavere:
1011 1821 1163 1879 -‘vale
1191 1820 1328 1893 Grai',
1373 1825 1431 1879 hi
1455 1831 1637 1880 autem
1665 1823 1796 1881 ‘ave
1823 1824 1965 1881 Gai’.
2019 1827 2146 1882 hinc

328 1919 560 1987 primum
597 1918 845 1972 hilaritas
883 1923 1068 1973 nostra
1104 1919 1319 1973 turbata
1357 1924 1465 1973 est:
1522 1937 1648 1973 nam
1699 1936 1819 1973 cum
1865 1937 2002 1991 puer
2036 1937 2144 1974 non

329 2010 662 2080 inspeciosus
715 2011 856 2065 inter
905 2027 1073 2066 novos
1117 2011 1377 2066 intrasset
1422 2012 1719 2081 ministros,
1774 2012 1976 2067 invasit
2021 2030 2143 2067 eum

330 2102 659 2156 Trimalchio
710 2108 762 2156 et
807 2104 1039 2157 osculari
1087 2103 1288 2157 diutius
1327 2104 1519 2173 coepit.
1597 2105 1781 2173 itaque
1818 2105 2132 2173 Fortunata,

329 2198 388 2247 ut
420 2189 511 2248 ‘ex
548 2211 721 2263 aequo
758 2195 843 2248 ius
881 2190 1104 2248 firmum'
1147 2179 1488 2266 approbaret,
1526 2197 1670 2251 male
1697 2197 1877 2251 dicere
1908 2197 2141 2251 Trimal-

244 2299 300 2341 20
333 2286 509 2340 chioni
544 2286 720 2356 coepit
758 2290 812 2340 et
848 2292 1264 2357 purgamentum
1290 2288 1634 2357 dedecusque
1672 2290 2005 2360 praedicare,
2048 2291 2141 2359 qui

329 2395 438 2432 non
489 2379 785 2434 contineret
839 2379 1117 2434 libidinem
1172 2396 1345 2435 suam.
1442 2381 1630 2436 ultimo
1688 2383 1853 2436 etiam
1908 2381 2133 2437 adiecit:

324 2465 534 2526 ‘canis’.
613 2471 940 2526 Trimalchio
999 2478 1180 2526 contra
1235 2473 1473 2528 offensus
1530 2474 1768 2529 convicio
1824 2475 2047 2529 calicem
2082 2475 2140 2529 in

331 2564 523 2618 faciem
561 2563 889 2619 Fortunatae
935 2565 1172 2619 immisit.
1266 2566 1364 2621 illa
1408 2572 1666 2635 tanquam
1703 2568 1917 2622 oculum
1955 2567 2139 2637 perdi-

332 2648 519 2726 disset,
577 2657 902 2712 exclamavit
949 2674 1248 2728 manusque
1294 2664 1582 2714 trementes
1630 2661 1703 2715 ad
1748 2660 1947 2715 faciem
1985 2677 2137 2715 suam

241 2760 294 2802 25
328 2747 584 2802 admovit.
665 2755 1005 2804 consternata
1054 2756 1137 2804 est
1186 2751 1349 2805 etiam
1388 2752 1633 2807 Scintilla
1669 2752 2135 2824 trepidantemque

329 2840 450 2895 sinu
501 2857 597 2896 suo
644 2842 788 2896 texit.
889 2843 1050 2897 immo
1099 2860 1234 2913 puer
1284 2861 1496 2913 quoque
1540 2844 1811 2900 officiosus
1860 2846 2135 2920 urceolum

441 3373 491 3413 19
525 3373 856 3419 Trimalchioni
886 3375 1136 3421 Buehelerss
1172 3374 1563 3423 Trimalchionem
1591 3379 1652 3422 H
1685 3379 1729 3423 ei
1760 3378 1983 3423 Bttcheler
2018 3377 2050 3420 I
