2418 3762
906 318 1270 380 Anmerkungen
1302 335 1358 367 zu
1390 323 1460 367 31.
1977 326 2081 381 209

284 463 429 510 bebat
471 465 522 505 70
554 461 629 507 dic
672 466 719 507 et
750 461 1044 519 Menophilae
1074 488 1133 495 —
1169 466 1445 513 discumbat.
1514 466 1736 524 Dagegen
1778 469 1831 510 36
1862 480 1965 513 eum
2005 470 2085 526 qui

282 548 423 591 supra
462 546 532 578 me
572 533 879 579 accumbebat
926 535 978 577 38
1011 535 1143 581 vides
1183 536 1311 581 illum
1355 539 1434 596 qui
1475 539 1522 583 in
1560 538 1653 583 imo
1694 538 1813 583 imus
1853 540 2085 585 recumbit

281 608 336 649 70
367 605 496 663 pueri
517 630 573 637 —
602 606 750 662 pedes
772 630 826 636 —-
857 606 1221 652 recumbentium
1252 614 1481 655 unxerunt
1511 609 1567 653 ib.
1596 622 1681 655 nec
1714 614 1963 657 contentus
1994 611 2085 656 fuit

279 677 564 722 recumbere.

393 748 447 793 In
488 749 570 793 der
609 745 960 804 ausgefallenen
992 747 1134 794 Stelle
1175 750 1292 795 wird
1334 751 1418 797 das
1450 753 1780 799 Platznehmen
1819 754 1904 799 der
1935 753 2083 800 Gaste

280 820 375 866 und
405 820 505 865 ihre
535 819 846 876 Vertheilung
878 818 962 864 auf
988 821 1079 865 den
1112 821 1212 866 drei
1243 821 1353 867 lecti
1386 825 1690 871 beschrieben
1720 838 1937 882 gewesen
1969 827 2084 872 sein.

280 892 354 936 Da
384 890 484 936 sich
514 904 606 936 von
639 892 691 933 32
725 891 783 936 ab
814 890 1099 937 mindestens
1134 894 1185 935 14
1217 894 1451 939 Personen
1491 909 1552 940 an
1583 896 1667 941 der
1697 895 1834 942 Tasel
1865 897 2083 943 befinden

282 962 622 1020 (Agamemnon
652 962 876 1020 Ascyltos
907 963 1162 1019 Encolpios
1202 965 1440 1022 Diogenes
1471 967 1718 1013 Hermeros
1749 969 1941 1014 Niceros
1972 969 2085 1014 Phi-

279 1036 400 1080 leros
429 1034 676 1079 Plocamus
708 1035 866 1081 Julius
896 1035 1124 1081 Proculus
1146 1035 1325 1082 Echion
1348 1037 1647 1095 Ganymedes
1679 1039 1902 1085 Seleucus
1933 1042 2085 1086 Dama

279 1106 589 1151 Trimalchio:
628 1105 857 1151 Biicheler
887 1105 941 1152 N.
976 1107 1190 1152 schweiz.
1224 1109 1340 1154 Mus.
1371 1109 1443 1154 III
1474 1109 1518 1155 S.
1553 1111 1621 1163 30)
1665 1111 1760 1155 und
1800 1111 1941 1157 dann-
1963 1113 2085 1158 noch

278 1178 518 1224 Habinnas
542 1177 757 1223 Scintilla
786 1178 882 1222 und
902 1177 1159 1224 Fortunata
1188 1180 1322 1224 Platz
1354 1180 1511 1226 finden
1547 1182 1615 1233 (65
1646 1183 1741 1226 und
1773 1185 1857 1237 67),
1901 1184 2085 1228 endlich

278 1250 399 1296 auch
420 1249 496 1294 ein
515 1249 651 1295 Theil
674 1250 757 1294 der
777 1248 984 1295 Sklaven
1008 1252 1105 1305 (70),
1139 1253 1325 1296 miissen
1347 1253 1522 1298 zuletzt
1542 1251 1793 1310 aufjedem
1814 1256 1898 1300 der
1919 1258 1943 1299 3
1975 1255 2086 1301 lecti

279 1323 363 1367 des
401 1321 654 1367 triclinium
696 1322 831 1375 (denn
863 1322 973 1367 dass
1004 1335 1053 1367 es
1084 1323 1196 1367 kein
1227 1322 1386 1380 Sigma
1414 1338 1524 1378 war,
1560 1325 1686 1381 zeigt
1717 1326 1769 1368 38
1802 1325 1881 1384 qui
1911 1327 1959 1370 in
1989 1327 2083 1373 imo

275 1394 399 1439 imus
419 1393 660 1446 recumbit)
701 1394 725 1434 5
745 1392 985 1438 Personen
1024 1395 1121 1439 und
1152 1395 1282 1439 mehr
1301 1396 1499 1452 gelegen
1519 1395 1688 1449 haben,
1716 1397 1857 1442 deren
1873 1399 1986 1457 Jede
2009 1400 2085 1443 ein

278 1465 567 1510 besonderes
598 1464 861 1509 Tischchen
891 1478 976 1510 vor
1007 1464 1105 1510 sich
1138 1466 1284 1511 hatte.
1347 1466 1502 1512 Wenn
1543 1467 1643 1513 dies
1674 1469 1723 1512 in
1752 1468 1952 1516 Cicero’s
1983 1471 2086 1516 Zeit

276 1535 356 1581 fiir
396 1536 709 1592 unanstandig
745 1536 845 1592 galt
878 1536 992 1589 (Cic.
1028 1536 1076 1580 in
1106 1537 1197 1581 Pis.
1230 1538 1360 1592 27‚67
1403 1539 1520 1584 nihil
1558 1541 1684 1596 apud
1726 1540 1847 1586 hunc
1887 1542 2080 1596 lautum,

279 1608 396 1652 nihil
428 1609 619 1664 elegans
649 1633 705 1639 —
737 1607 905 1652 Graeci
937 1609 1112 1664 stipati,
1149 1608 1278 1666 quini
1307 1610 1355 1653 in
1386 1611 1537 1664 lectis,
1572 1623 1712 1668 saepe
1743 1613 1902 1669 plures
1935 1616 1973 1668 (4
2005 1613 2090 1659 auf

272 1680 433 1737 jedem
472 1680 623 1724 lectus
655 1681 871 1737 dagegen
910 1693 1006 1724 war
1035 1679 1245 1725 offenbar
1283 1681 1439 1727 nichts
1476 1684 1887 1739 ungewohnliches
1918 1685 2080 1730 Horat.

280 1751 324 1797 S.
356 1751 379 1795 I
409 1752 527 1807 4‚86;
575 1751 649 1795 ein
679 1751 951 1796 Triclinium
982 1750 1058 1796 fiir
1100 1751 1389 1797 mindestens
1436 1754 1488 1797 12
1519 1755 1566 1798 in
1597 1754 1834 1812 Pompeji:
1869 1756 1977 1801 Mau
2006 1758 2086 1804 bei

278 1823 550 1879 Marquardt
579 1822 656 1867 Prl
686 1822 709 1866 Ι
740 1823 906 1879 305,2),
949 1835 1001 1868 so
1042 1823 1169 1867 kann
1199 1822 1299 1868 dies
1331 1826 1490 1880 spater
1519 1826 1687 1873 anders
1717 1840 1936 1884 gewesen
1966 1829 2082 1874 sein.

392 1893 565 1948 pueris
596 1891 977 1939 Alexandrinist
1018 1894 1290 1951 Marquardt
1325 1896 1404 1940 Prl
1434 1896 1457 1940 I
1505 1898 1649 1951 153‚1.
1722 1899 1830 1955 Vgl.
1868 1900 1987 1944 auch
2026 1914 2086 1945 zu

278 1966 332 2007 34
363 1965 539 2011 larvam
571 1970 851 2021 argenteam.

393 2046 451 2080 ac
492 2047 555 2079 ne
595 2035 647 2079 in
687 2036 780 2081 hoc
821 2036 1020 2091 quidem
1057 2036 1163 2081 tam
1209 2037 1425 2082 molesto
1470 2038 1708 2084 tacebant
1752 2040 1951 2098 officio,
1998 2041 2086 2087 sed

274 2106 445 2152 obiter
483 2106 775 2152 cantabant.
847 2108 953 2165 Vgl.
997 2111 1050 2151 34
1092 2110 1246 2154 obiter
1284 2114 1332 2154 et
1368 2110 1653 2166 putidissimi
1701 2112 1825 2158 servi
1862 2113 2086 2159 minorem

277 2179 410 2224 nobis
439 2183 620 2224 aestum
651 2178 914 2237 frequentia
945 2193 1030 2225 sua
1061 2178 1237 2226 facient
1268 2182 1321 2224 38
1353 2181 1506 2227 obiter
1547 2187 1595 2227 et
1624 2185 1905 2229 vernaculae
1939 2187 2080 2242 (apes)

276 2264 397 2309 quae
420 2255 528 2296 sunt
547 2250 848 2297 meliusculae
869 2265 897 2296 a
919 2250 1112 2297 Graecis
1134 2251 1257 2297 fient.
1302 2251 1484 2298 Seneca
1506 2254 1579 2298 De
1597 2254 1666 2299 ira
1688 2254 1759 2298 III
1785 2256 1854 2309 1‚3
1876 2269 1961 2300 nec
1985 2257 2082 2311 (ira)

277 2323 326 2366 in
355 2335 411 2367 ea
440 2326 621 2367 tantum
654 2336 773 2380 quae
805 2323 1075 2377 destinavit,
1118 2325 1203 2370 sed
1235 2326 1534 2370 occurrentia
1565 2326 1720 2371 obiter
1751 2324 1878 2372 furit.
1938 2327 2085 2374 Juve-

277 2394 370 2438 nal.
389 2394 515 2447 3,241
550 2398 691 2452 atque
722 2395 874 2442 obiter
903 2395 1032 2452 leget
1061 2400 1142 2441 aut
1173 2397 1348 2442 scribet
1370 2398 1496 2452 6,481
1521 2398 1738 2444 verberat
1758 2403 1899 2457 atque
1931 2400 2085 2445 obiter

277 2463 444 2509 faciem
474 2465 594 2509 linit.

393 2535 749 2590 paratissimus
801 2548 929 2592 puer
974 2549 1073 2582 non
1121 2539 1285 2584 minus
1326 2551 1405 2584 me
1453 2539 1594 2586 acido
1644 2541 1840 2588 cantico
1886 2543 2084 2599 excepit

276 2608 368 2652 wie
403 2609 456 2650 36
486 2621 580 2651 non
610 2609 761 2653 minus
793 2612 840 2653 et
869 2609 1153 2654 Trimalchio
1185 2612 1414 2669 eJusmodi
1444 2613 1683 2659 methodio
1714 2614 1883 2660 laetus.

398 2677 568 2723 acidos
611 2680 660 2721 31
696 2680 877 2725 acidior
906 2694 1045 2726 sonus
1086 2683 1140 2724 92
1171 2686 1314 2739 negat
1345 2683 1434 2728 sibi
1472 2698 1676 2741 unquam
1707 2687 1890 2732 acidius
1921 2686 2084 2733 fuisse.

394 2749 688 2804 pantomimi
719 2750 926 2795 chorum
956 2764 1055 2797 non
1086 2753 1251 2809 patris
1273 2753 1499 2799 familiae
1520 2755 1802 2801 triclinium
1823 2756 2082 2802 crederes:

275 2821 375 2866 Der
397 2819 533 2876 Chor,
568 2822 662 2874 der,
698 2836 791 2869 von
821 2825 968 2869 einem
1000 2825 1192 2870 starken
1214 2826 1462 2872 Orchester
1491 2828 1733 2885 begleitet‚
1769 2843 1827 2874 zu
1850 2830 1940 2874 den
1960 2830 2083 2875 Dar-

244 2884 246 2887 *
277 2893 542 2949 stellungen
573 2893 656 2937 der
684 2894 1006 2940 Pantomimen
1038 2898 1130 2942 den
1160 2898 1283 2943 Text
1314 2912 1443 2956 sang.
1506 2899 1580 2946 SG
1610 2899 1658 2943 II
1689 2899 1813 2945 453f.

395 2961 556 3008 allata
587 2964 666 3009 est
694 2964 862 3010 tamen
893 2967 1116 3022 gustatio
1155 2969 1301 3014 valde
1337 2968 1500 3015 lauta.
1570 2972 1747 3017 Tamen
1786 2974 1928 3029 zeigt,
1971 2973 2083 3020 dass

274 3035 449 3082 vorher
480 3041 624 3081 etwas
655 3036 946 3093 ausgefallen
975 3040 1050 3086 ist.

395 3105 831 3165 Trimalchionem,
870 3110 951 3154 cui
989 3108 1128 3157 locus
1178 3124 1305 3158 novo
1344 3125 1483 3159 more
1525 3115 1717 3170 primus
1760 3114 2081 3161 servabatur.

279 3178 431 3224 Locus
461 3179 638 3235 primus
665 3181 749 3225 der
771 3193 973 3227 summus
994 3183 1043 3227 in
1063 3198 1256 3238 summo,
1284 3186 1368 3230 der
1388 3187 1465 3232 bei
1487 3187 1708 3232 Plutarch
1729 3187 1919 3241 Quaest.
1946 3201 2083 3233 conv.

279 3248 302 3292 I
334 3251 357 3291 3
390 3257 570 3308 πρῶτος,
605 3251 693 3295 wie
725 3253 885 3308 sp‘ater
907 3254 991 3299 der
1013 3257 1384 3314 entsprechende
1415 3257 1538 3302 beim
1560 3256 1719 3315 Sigma
1739 3259 1916 3317 primus
1933 3259 2083 3306 heisst

281 3319 454 3374 (Sidon.
487 3321 644 3378 Apoll.
675 3323 790 3380 Epp.
823 3323 846 3366 I
879 3326 959 3378 11).
1024 3328 1153 3371 Mau.
1475 3382 1479 3387 ζ

395 3391 618 3436 ceterum
655 3392 706 3437 in
744 3394 1105 3449 promulsidari
1148 3397 1337 3443 asellus
1381 3400 1492 3444 erat
1531 3398 1820 3447 Corinthius
1859 3412 1970 3446 cum
2008 3403 2083 3448 bi-

279 3463 443 3508 saccio
475 3463 689 3519 positus·
750 3466 1091 3514 Promulsidare
1133 3471 1247 3515 oder
1277 3473 1614 3528 gustatoricum
1657 3474 1742 3518 das
1773 3472 2081 3531 Speisebrett‚

366 3547 532 3583 Petronii
555 3551 652 3584 Cena
676 3551 970 3588 Trimalchionis.
1685 3561 1736 3603 14
