2418 3762
828 296 1197 354 Anmerkungen
1229 311 1284 342 zu
1316 299 1387 341 42.
1421 300 1491 341 43.
1963 300 2066 351 235

372 439 426 484 111
457 438 664 496 puteum
694 438 930 485 coniciaS.
980 441 1145 486 Horat.
1172 440 1215 485 S.
1248 441 1294 486 II
1325 442 1454 494 3,242
1488 441 1567 499 qui
1600 441 1756 486 sanior
1786 454 1841 486 ac
1873 442 1913 487 si
1944 442 2069 487 Illud

255 512 379 557 idem
407 512 456 556 in
486 511 700 568 rapidum
731 510 923 556 fluvium
948 512 1159 569 jaciatvc
1191 513 1401 558 cloacam
1431 526 1477 558 u.
1503 527 1543 558 a.
1578 511 1689 558 Otto
1717 511 1899 560 Archiv
1923 513 1991 559 IV
2013 515 2068 557 25

256 602 308 619 =
341 582 445 640 Spr.
481 583 657 627 cloaca.

368 652 456 699 sed
493 652 735 709 antiquus
766 663 908 698 amor
938 665 1117 699 cancer
1154 655 1251 700 est.
1304 656 1416 702 Otto
1458 655 1559 714 Spr.
1599 669 1728 702 amor
1758 658 1809 700 2:
1859 656 1937 701 ‘ist
1979 658 2069 702 wie

254 726 330 771 ein
359 725 787 783 Krebsgeschwiir'.
824 725 929 782 Vgl.
963 728 1098 771 Lucr.
1135 727 1204 773 IV
1239 729 1348 772 1064
1379 728 1512 774 1116118
1543 729 1665 773 enim
1697 729 1902 775 vivescit
1941 728 2071 786 Apo-

254 798 364 844 stol.
399 797 493 843 VII
524 800 549 841 3
593 796 718 846 ἕλκος
759 796 848 858 ἔχω
886 798 956 841 τὸν
991 798 1145 857 ἔρωτα.
1208 799 1343 844 Doch
1381 800 1644 846 vielleicht:
1694 800 1810 845 ‘halt
1851 799 1944 846 fest
1980 801 2070 846 wie

254 870 339 914 mit
367 868 760 915 Krebsscheeren’
805 870 911 926 (vgl.
946 868 1052 915 Orci
1084 884 1278 916 cancros
1309 870 1504 929 Apulej.
1534 875 1642 918 met.
1675 872 1743 918 VI
1775 873 1835 925 8).

368 942 424 984 43
485 938 729 986 molestus
760 937 881 984 fuit.
940 943 996 984 46
1029 942 1141 1000 quid
1173 944 1253 988 ille
1285 948 1477 1000 argutat
1505 944 1764 989 molestus?

369 1011 725 1067 Philerosque:
780 1013 1088 1059 verschieden
1124 1029 1220 1060 von
1259 1016 1365 1060 dem
1405 1016 1461 1059 46
1499 1019 1764 1072 genannten
1803 1014 2071 1060 causidicus

252 1083 481 1130 Phileros,

368 1156 598 1202 vivorum
628 1155 1022 1201 meminerimus.
1066 1156 1163 1202 Cic.
1188 1158 1258 1202 De
1287 1158 1364 1203 fin.
1395 1158 1439 1203 V
1470 1159 1542 1212 1,3
1576 1171 1677 1203 sum
1707 1158 1904 1203 multum
1936 1148 2071 1216 equi-

255 1228 363 1272 dem
393 1241 498 1273 cum
527 1228 746 1274 Phaedro
780 1263 790 1272 .
816 1264 825 1272 .
853 1263 866 1272 .
897 1230 946 1273 in
976 1229 1172 1285 Epicuri
1203 1230 1372 1283 hortis,
1399 1265 1409 1275 .
1434 1261 1448 1275 .
1472 1262 1482 1273 .
1508 1230 1593 1275 sed
1623 1229 1802 1275 veteris
1832 1230 2071 1287 proverbii

254 1303 497 1349 admonitu
525 1304 741 1350 vivorum
771 1301 974 1345 memini.
1043 1301 1193 1345 ‘Halts
1230 1302 1316 1347 mit
1357 1302 1449 1346 den
1479 1301 1810 1358 Lebendigen‚
1856 1302 1954 1347 lass
1995 1302 2073 1346 die

255 1375 443 1421 Todten
488 1374 664 1420 ruhen'.
737 1371 978 1429 Diiringsf.
1020 1372 1069 1417 II
1111 1387 1156 1416 n.
1195 1375 1244 1415 17
1298 1372 1410 1418 Otto
1443 1371 1546 1430 Spr.
1584 1373 1724 1419 vivus
1756 1375 1797 1417 6.
1860 1373 1975 1418 Hier
2011 1373 2074 1417 im

256 1446 574 1503 cigentlichen
611 1445 772 1500 Sinne;
822 1445 872 1489 in
908 1445 1123 1490 weiterer
1160 1445 1445 1502 Bedeutung
1497 1445 1632 1499 (lasst
1675 1458 1764 1490 uns
1810 1458 1870 1490 an
1915 1445 2072 1501 Dinge

256 1517 457 1572 denken‚
494 1518 570 1562 die
601 1531 690 1562 uns
719 1516 918 1574 angehn)
957 1518 1023 1559 75.

371 1588 436 1634 ab
467 1599 580 1635 asse
612 1588 791 1633 crevit.
852 1589 920 1633 Zu
951 1589 1004 1631 38
1038 1589 1097 1633 (16
1127 1587 1273 1632 nihilo
1301 1589 1466 1633 crevit.

372 1660 584 1716 paratus
608 1659 711 1706 fuit
731 1669 895 1705 assem
916 1659 976 1703 de
1001 1659 1226 1704 stercore
1245 1658 1500 1705 mordicus
1531 1657 1736 1704 tollere.
1767 1659 1928 1705 Horat.
1946 1660 2069 1718 Epp.

256 1734 280 1777 I
315 1735 442 1788 16‚63
475 1734 564 1788 Qui
595 1733 789 1780 liberior
820 1732 883 1777 sit
913 1746 1084 1777 avarus
1115 1733 1173 1775 In
1203 1732 1357 1778 triviis
1387 1731 1530 1776 fixum
1559 1745 1664 1776 cum
1695 1745 1744 1777 86
1772 1731 1981 1777 demittit
2010 1732 2073 1778 ob

257 1818 426 1850 assem.
490 1804 618 1851 Pers.
654 1806 782 1856 5‚111
831 1803 979 1860 Inque
1036 1805 1136 1848 luto
1186 1803 1329 1848 fixum
1379 1804 1534 1861 possis
1575 1807 1894 1849 transcurrere
1935 1817 2072 1848 num-

255 1891 397 1921 mum.
433 1875 544 1921 Otto
575 1876 757 1920 Archiv
787 1875 856 1921 IV
889 1877 941 1917 39
972 1875 1068 1919 und
1098 1874 1166 1920 VI
1198 1877 1251 1918 56
1284 1895 1336 1912 =
1371 1874 1473 1931 Spr.
1507 1887 1557 1919 as
1589 1877 1632 1918 4.

371 1947 546 2002 itaque
578 1947 757 2003 crevit,
790 1945 1031 2001 quicquid
1062 1946 1241 2003 crevit,
1273 1946 1516 2001 tanquam
1546 1944 1714 1991 favus.
1763 1948 1816 1990 76
1849 1947 2073 2005 quicquid

257 2021 424 2072 crevit,
459 2020 704 2066 crescebat
743 2023 966 2076 tanquam
997 2017 1149 2063 favus.
1212 2019 1282 2062 Ist
1313 2019 1539 2076 quicquid
1570 2020 1723 2063 crevit
1751 2018 1995 2064 vielleicht
2025 2019 2076 2062 in

257 2094 342 2138 der
386 2096 542 2138 ersten
572 2091 719 2136 Stelle
755 2103 839 2135 aus
880 2091 1009 2134 einer
1039 2103 1114 2133 am
1143 2090 1311 2134 Rande
1342 2090 1623 2146 gemachten
1652 2090 1963 2147 Verweisung
1992 2087 2079 2134 auf

255 2164 334 2209 die
377 2165 544 2209 zweite
588 2164 638 2207 in
680 2163 772 2207 den
814 2161 940 2206 Text
975 2161 1290 2218 gekommen‘?
1340 2161 1469 2206 Falls
1512 2175 1562 2207 es
1592 2161 1923 2218 urspriinglich
1955 2163 2075 2207 dazu

255 2236 426 2292 gehort
469 2235 575 2289 hat,
625 2235 690 2280 ist
735 2233 959 2292 quicquid
1003 2231 1266 2278 Accusativ
1313 2234 1398 2278 des
1446 2233 1641 2279 Inhalts.
1705 2232 1813 2289 Vgl.
1849 2233 1971 2278 auch
2018 2235 2072 2277 39

258 2308 412 2353 omnia
441 2307 566 2353 bona
595 2307 644 2351 in
675 2319 726 2351 se
755 2305 901 2352 habet
933 2310 1154 2363 tanquam
1185 2303 1338 2349 favus

370 2377 702 2423 meherculeS.
762 2378 829 2423 Zu
860 2380 913 2421 33
944 2391 1004 2422 m.

375 2448 538 2495 solida
567 2449 786 2494 centum.
846 2448 1048 2493 Martial.
1083 2447 1152 2493 IV
1183 2449 1286 2501 37‚4
1325 2461 1382 2493 ex
1412 2448 1671 2506 insulisque
1703 2447 1958 2507 fundisque
1989 2450 2074 2494 tri-

260 2523 358 2568 cies
390 2521 586 2567 soldum.

374 2603 550 2637 verum
581 2591 744 2636 dicam
774 2592 864 2645 qui
892 2590 1122 2645 linguam
1153 2590 1384 2634 caninam
1415 2590 1624 2636 comedi.
1665 2592 1757 2636 Ein
1787 2596 1922 2638 sonst
1941 2592 2074 2637 nicht

258 2666 516 2722 bezeugter
543 2663 883 2719 Volksglaube.
947 2662 1024 2708 SGr
1054 2663 1078 2706 I
1112 2663 1206 2707 529.

376 2736 533 2782 durae
562 2760 620 2767 —-
650 2733 852 2778 buccae.
912 2734 1169 2779 Verwandt
1198 2734 1417 2779 Juvenal.
1456 2735 1584 2789 11,34
1616 2734 1806 2780 Curtius
1838 2738 1887 2780 et
1916 2735 2078 2781 Matho⁴

258 2809 439 2855 buccae
473 2807 927 2863 (Zungendrescher).
988 2806 1095 2863 Vgl.
1131 2805 1240 2851 Otto
1272 2806 1371 2861 Spr.
1403 2806 1555 2851 bucca
1585 2806 1671 2860 2³¹²).

377 2877 659 2933 linguosus.
721 2880 774 2922 63
814 2881 969 2923 certus
1013 2883 1085 2923 est
1122 2881 1171 2922 et
1207 2878 1394 2922 minime
1434 2879 1693 2934 linguosus.
1753 2878 1944 2923 Riinsch
1978 2880 2075 2926 125.

260 2953 371 3009 Vgl.
406 2965 466 2996 zu
498 2952 550 2994 38
583 2951 805 2996 succossi.

380 3021 634 3068 discordia
663 3031 763 3066 non
791 3020 958 3066 homo.
1017 3021 1084 3065 Zu
1117 3023 1170 3064 38
1201 3021 1455 3078 phantasia
1485 3035 1579 3067 non
1610 3021 1762 3065 homo.

379 3095 571 3139 amicus
602 3093 778 3138 amico.
829 3094 886 3136 44
916 3094 1002 3138 sed
1032 3095 1204 3144 rectus,
1241 3093 1327 3138 sed
1349 3097 1521 3146 certUS,
1558 3093 1734 3137 amicus
1757 3092 1920 3138 amico.
1954 3092 2075 3138 Eine

264 3166 509 3218 stehende‚
544 3165 624 3211 bei
646 3165 738 3209 den
758 3165 1020 3210 Komikern
1042 3162 1166 3208 &fter
1185 3164 1553 3209 vorkommende
1574 3164 1885 3221 Verbindung
1914 3163 2070 3210 Plaut.

264 3238 360 3282 Mil.
378 3239 494 3294 glor.
518 3236 600 3280 658
634 3236 768 3282 Ourc.
792 3237 873 3279 332
897 3237 1086 3281 Terent.
1108 3235 1293 3280 Phorm.
1318 3238 1398 3280 562
1421 3240 1512 3281 etc.
1545 3236 1655 3281 Otto
1676 3235 1777 3293 Spr.
1801 3235 1978 3282 amicus
2007 3237 2075 3280 11.

378 3307 528 3365 plena
570 3318 738 3352 manu.
799 3306 975 3352 Seneca
1013 3307 1213 3366 Apocol.
1248 3309 1322 3360 4‚2
1363 3307 1587 3353 Lachesis
1627 3306 1740 3353 fecit
1778 3307 1896 3353 illud
1934 3308 2076 3365 plena

263 3394 403 3425 manu
434 3385 482 3425 et
510 3379 685 3425 Neroni
724 3379 895 3424 multos
926 3393 1072 3425 annos
1111 3380 1169 3424 de
1201 3391 1287 3424 suo
1319 3380 1453 3424 dedit
1483 3380 1553 3424 Id.
1587 3379 1706 3436 Epp.
1740 3379 1865 3434 33‚6;
1915 3378 2074 3434 120,10

265 3451 457 3497 Consol.
494 3452 556 3497 ad
585 3451 752 3510 Polyb.
788 3452 862 3505 9,4
901 3451 998 3496 und
1027 3451 1172 3496 andre
1205 3449 1382 3496 Stellen
1410 3450 1487 3497 bei
1520 3450 1631 3496 Otto
1663 3449 1763 3507 Spr.
1807 3464 1973 3497 manus
2008 3453 2074 3494 17.
