2418 3762
222 745 231 754 ,
314 707 400 744 me
448 695 593 744 amet
635 690 888 757 tanquam
935 684 1236 743 mortuum'.
1325 690 1530 759 gratias
1583 706 1749 759 agere
1803 705 1987 744 omnes
2036 689 2120 743 in-

233 1259 282 1299 10

233 1721 283 1761 15

231 2184 284 2226 20

229 2648 285 2690 25
316 2643 559 2690 nummos
608 2636 665 2689 in
715 2638 932 2707 publico
979 2637 1046 2691 de
1097 2639 1311 2692 sacculo
1362 2638 1744 2706 effundentem3
1795 2639 1902 2694 scis
1954 2639 2114 2708 enim,

318 272 416 324 178
955 268 1082 314 Cena
1112 267 1489 315 Trimalchionis.
1821 333 1824 336 Ι
2154 300 2341 342 michele

313 412 623 468 vicesimam
683 418 736 466 et
790 411 989 466 lectum
1047 415 1290 465 stratum.
1378 427 1502 464 nam
1547 411 1896 465 Fortunatam
1944 428 2119 466 meam
2149 369 2246 469 Hp·
2268 356 2323 399 47

315 504 571 559 heredem
609 503 778 566 facio,
823 509 876 558 et
914 503 1226 559 commendo
1262 503 1416 558 illam
1453 504 1699 558 omnibus
1738 503 1925 558 amicis
1962 504 2116 559 meis.

315 602 369 653 et
404 598 541 652 haec
576 596 700 651 ideo
739 596 918 650 omnia
954 596 1184 666 publi00‚
1229 601 1290 651 ut
1324 596 1536 651 familia
1573 614 1694 651 mea
1731 598 1841 650 iam
1878 613 2020 651 nunc
2044 596 2121 650 sic

315 782 628 851 dulgentiae
673 787 962 852 coeperant
1009 781 1240 850 domini,
1292 799 1412 837 cum
1460 782 1554 838 ille
1611 783 1810 838 oblitus
1854 799 2118 851 nugarum

315 875 591 945 exemplar
634 875 947 930 testamenti
998 874 1157 929 iussit
1201 875 1384 929 afferri
1431 880 1484 930 et
1534 880 1702 930 totum
1750 893 1784 929 a
1828 876 1999 946 primo
2050 876 2122 928 ad

313 969 561 1023 ultimum
596 967 998 1037 ingemescente
1035 967 1245 1022 familia
1281 969 1540 1023 recitavit.
1592 968 1886 1039 respiciens
1925 967 2123 1022 deinde

312 1061 618 1116 Habinnam
655 1057 814 1130 ‘quid
860 1054 1006 1114 dicis'
1047 1061 1222 1129 inquit
1253 1055 1447 1115 ‘amice
1485 1062 1802 1116 carissime?
1862 1060 2120 1116 aedificas
2154 1064 2341 1104 Bfichele

314 1136 715 1209 monumentum
766 1170 972 1220 meum,
1025 1154 1476 1222 quemadmodum
1526 1160 1580 1209 te
1627 1154 1797 1208 iussi?
1857 1154 2019 1208 valde
2066 1160 2122 1207 te
2200 1132 2249 1171 P·
2270 1119 2324 1161 48

312 1263 460 1316 rog0,
499 1252 558 1301 ut
595 1246 890 1301 secundum
929 1246 1097 1316 pedes
1137 1252 1349 1301 statuae
1386 1263 1539 1300 meae
1573 1247 1821 1301 catellam
1858 1263 2031 1316 ponas
2071 1254 2126 1301 et

315 1355 537 1394 coronas
585 1346 638 1395 et
683 1344 960 1408 unguenta
999 1345 1053 1393 et
1089 1339 1340 1393 Petraitis
1380 1355 1566 1393 omnes
1603 1354 1842 1408 pugnas,
1897 1345 1956 1393 ut
1993 1339 2124 1392 mihi

315 1434 592 1501 contingat
628 1438 719 1486 tuo
756 1432 1018 1486 beneficio
1064 1437 1186 1500 post
1222 1437 1446 1487 mortem
1483 1432 1694 1497 vivere3
1745 1438 2028 1501 praeterea
2064 1437 2124 1485 ut

315 1527 424 1580 sint·
472 1525 529 1579 in
577 1524 751 1578 fronte
801 1523 969 1593 pedes
1023 1529 1264 1593 centum,
1323 1525 1380 1578 in
1429 1542 1620 1594 agrum
1666 1524 1835 1594 pedes
1884 1524 2119 1579 ducenti.

314 1635 470 1672 omne
509 1633 682 1686 genus
727 1616 869 1670 enim
907 1633 1067 1686 poma
1105 1617 1228 1671 volo
1268 1617 1375 1672 sint
1413 1618 1556 1672 cirea
1595 1618 1803 1672 eineres
1840 1633 2012 1682 meos,
2068 1622 2125 1671 et

313 1711 593 1764 vinearum
640 1709 880 1778 largiter.
961 1707 1121 1764 valde
1173 1709 1315 1764 enim
1361 1710 1561 1765 falsum
1609 1716 1693 1765 est
1737 1711 1861 1765 vivo
1906 1709 2123 1780 quidem

315 1803 503 1857 domos
542 1803 714 1857 cultas
754 1819 891 1869 esse,
935 1819 1044 1856 non
1083 1803 1257 1857 curari
1294 1819 1388 1857 eas
1405 1846 1425 1872 „
1461 1804 1555 1858 ubi
1593 1803 1793 1857 diutius
1829 1804 1983 1857 nobis
2021 1803 2125 1856 ha-

315 1896 593 1950 bitandum
633 1901 731 1950 est.
813 1901 865 1950 et
900 1896 1025 1950 ideo
1063 1901 1190 1951 ante
1227 1896 1406 1951 omnia
1443 1896 1587 1950 adici
1624 1897 1770 1951 volo:
1830 1896 1972 1951 “hoc
2008 1913 2125 1950 mo·-

315 1994 624 2043 numentum
685 1989 944 2043 heredem
1005 2006 1114 2043 non
1170 1989 1459 2057 sequitur''.
1541 1995 1776 2044 ceterum
1833 1989 1935 2044 erit
1988 1988 2124 2043 mihi

316 2098 493 2145 curae,
537 2087 596 2135 ut
631 2086 955 2135 testamento
1003 2098 1253 2149 caveam,
1310 2098 1378 2136 ne
1417 2087 1654 2136 mortuus
1690 2082 1942 2135 iniuriam
1980 2082 2123 2135 acei-

313 2174 480 2243 piam.
557 2190 886 2244 praeponam
935 2173 1079 2228 enim
1123 2191 1288 2228 unum
1334 2191 1402 2229 ex
1450 2174 1657 2229 libertis
1708 2175 1956 2245 sepulcro
2003 2192 2124 2229 meo

317 2265 594 2319 custodiae
638 2282 827 2333 causa,
887 2283 956 2320 ne
1003 2268 1058 2320 in
1105 2272 1504 2321 monumentum
1542 2284 1720 2321 meum
1758 2269 1991 2338 populus
2030 2285 2124 2322 ca-

317 2363 494 2412 catum
533 2364 727 2412 currat.
807 2364 861 2413 te
899 2376 1044 2428 rogo,
1090 2366 1149 2414 ut
1184 2376 1352 2414 naves
1392 2360 1554 2413 etiam
1931 2378 2123 2416 monu-

315 2451 483 2505 menti
528 2451 638 2505 mei
682 2451 854 2505 facias
891 2452 1077 2522 plenis*
1107 2452 1244 2506 velis
1285 2458 1499 2518 euntes,
1558 2458 1612 2507 et
1649 2469 1734 2507 me
1770 2453 1828 2507 in
1866 2453 2123 2508 tribunali

316 2542 594 2597 sedentem
655 2549 1054 2614 praetextatum
1116 2561 1235 2599 cum
1297 2545 1476 2599 anulis
1538 2546 1716 2600 aureis
1780 2546 2013 2616 quinque
2070 2553 2125 2601 et

416 3321 485 3377 *10
516 3332 664 3375 ponas
695 3321 938 3365 Biiehelest
966 3322 1058 3366 and
1085 3322 1105 3354 3
1142 3322 1307 3379 pingas
1340 3323 1399 3366 H
1431 3307 1582 3379 fingas
1612 3323 1840 3367 Ba‘cheler
1870 3324 1907 3367 I
1960 3323 2011 3365 18
2043 3335 2119 3368 se-

318 3387 474 3445 quitur
504 3391 726 3435 Beckeler
761 3397 984 3450 sequatur
1015 3394 1076 3436 H
1098 3394 1349 3438 Mommsen
1381 3394 1572 3438 Hermes
1602 3394 1757 3438 XIII
1781 3399 1863 3438 116
