2418 3762
259 332 359 384 102
890 325 1016 371 Cena
1044 302 1414 370 Trimalchionis.

396 471 521 524 dum
547 470 679 524 haec
706 469 986 537 loquimur,
1019 485 1152 538 puer
1179 468 1471 537 s1)eciosuS‚
1503 468 1702 522 vitibus
1729 466 2049 534 hederisque

251 563 548 633 redimitae,
600 562 755 616 modo
794 562 1080 629 Bromium,
1134 560 1400 614 interdum
1440 560 1680 629 Lyaeum
1714 560 2049 628 Euhiumque

252 657 544 723 confessuS,
591 654 884 709 calathisco
921 670 1057 709 uvas
1095 653 1414 707 circumtulit
1462 659 1515 707 et
1558 658 1806 723 poemata
1852 652 2050 706 domini

253 751 338 804 sui
376 748 686 803 acutissima
723 763 854 801 voce
891 746 1144 802 traduxit.
1224 746 1296 800 ad
1333 763 1488 815 quem
1538 762 1725 799 sonum
1765 762 2050 799 conversus

197 853 221 892 5
253 841 578 896 Trimalchio
627 835 896 910 ‘Dionyse'
955 840 1128 909 inquit
1175 834 1334 893 ‘liber
1388 832 1537 892 esto'.
1633 854 1769 907 puer
1823 838 2054 892 detraxit

250 935 475 1005 pilleum
531 950 661 1004 apro
718 933 987 1003 capitique
1044 949 1138 987 suo
1193 919 1463 1001 imposuit.
1558 936 1670 984 tum
1726 930 2048 984 Trimalchio

2079 353 2306 396 Bucheletss

2133 424 2174 463 p.
2193 411 2246 453 27

2085 483 2138 524 H

250 1043 429 1081 rursus
468 1026 691 1081 adiecit:
731 1021 860 1080 ‘non
895 1025 1163 1095 negabitis
1201 1019 1303 1078 me'
1336 1025 1508 1093 inquit
1539 1020 1762 1078 ‘habere
1798 1024 2050 1078 Liberum

248 1113 490 1190 patrem'.
541 1119 878 1174 laudavimus
904 1118 1102 1172 dictum
1123 1118 1533 1173 Trimalchionis
1560 1122 1611 1172 et
1637 1118 2050 1172 circumeuntem

252 1229 479 1283 puerum
519 1228 650 1266 sane
687 1213 1079 1282 perbasiamus.

169 1314 221 1356 10
399 1305 466 1358 ab
506 1304 606 1359 hoc
644 1305 846 1358 ferculo
874 1303 1196 1357 Trimalchio
1234 1302 1305 1356 ad
1342 1303 1589 1356 lasanum
1628 1302 1872 1356 surrexit.
1952 1318 2050 1355 nos

250 1398 554 1452 libertatem
592 1397 709 1451 sine
732 1402 957 1466 tyranno
982 1396 1127 1450 nacti
1154 1395 1426 1464 coepimus
1450 1395 1682 1448 invitare
1708 1394 2051 1448 convivarum

251 1506 540 1544 sermones
583 1490 759 1543 Dama
783 1490 963 1557 itaque
989 1489 1190 1557 primus
1217 1505 1338 1542 cum
1364 1487 1674 1557 pataracina
1699 1486 2047 1556 poposcisset,

244 1577 397 1636 ‘dies'
457 1583 632 1650 inquit
668 1577 820 1634 ‘nihil
870 1586 970 1634 est.
1049 1579 1177 1633 dum
1225 1595 1410 1634 versas
1455 1586 1528 1649 te,
1572 1596 1678 1633 nox
1714 1579 1792 1633 fit.
1868 1579 2051 1646 itaque

248 1674 385 1728 nihil
425 1680 506 1729 est
541 1673 752 1743 111611116,
797 1688 956 1741 quam
994 1672 1062 1727 de
1101 1672 1346 1727 cubiculo
1371 1677 1518 1727 recta
1541 1672 1599 1726 in
1623 1671 1914 1726 triclinium
1950 1671 2047 1725 ire.

169 1778 218 1818 15
252 1772 304 1821 et
348 1766 604 1821 mundum
648 1766 820 1835 frigus
863 1765 1166 1820 habuimus.
1255 1765 1347 1819 vix
1403 1782 1488 1819 me
1541 1766 1768 1819 balneus
1815 1763 2047 1819 calfecit.

251 1866 433 1913 tamen
457 1859 615 1914 calda
640 1860 783 1929 potio
810 1858 1098 1914 vestiarius
1125 1864 1223 1914 est.
1279 1859 1594 1912 Staminatas
1621 1858 1766 1926 duxi,
1813 1862 1867 1911 et
1891 1857 2051 1927 plane

251 1957 428 2005 matus
467 1969 603 2006 sum.
682 1951 839 2006 vinus
877 1951 1007 2004 mihi
1044 1952 1102 2004 in
1139 1951 1413 2006 cerebrum
1450 1945 1617 2004 abiit³.

169 2042 237 2093 42
397 2045 612 2114 excepit
649 2044 905 2098 Seleucus
953 2043 1171 2097 fabulae
1215 2049 1420 2112 partem
1461 2049 1514 2097 et
1544 2037 1685 2112 ‘ego'
1721 2042 1894 2111 inquit
1929 2037 2052 2096 ‘non

256 2136 448 2190 cotidie
485 2137 662 2202 lavor3
706 2136 980 2190 balniscus
1007 2135 1150 2190 enim
1176 2135 1307 2189 fullo
1337 2140 1436 2204 est,
1481 2152 1626 2203 aqua
1651 2135 1840 2190 dentes
1864 2124 2070 2203 habetj

167 2242 221 2283 20
254 2234 306 2282 et
344 2245 431 2282 cor
468 2234 706 2283 nostrum
744 2228 939 2282 cotidie
976 2228 1240 2297 liquescit.
1297 2228 1394 2282 sed
1420 2245 1539 2282 cum
1566 2229 1724 2282 mulsi
1761 2228 2049 2299 pultarium

254 2321 470 2390 obduxi,
515 2321 703 2391 frigori
739 2308 1146 2375 laecasin‘dico.
1224 2338 1324 2387 nec
1362 2337 1494 2387 sane
1531 2321 1716 2376 lavare
1753 2320 1934 2391 potui;·
1971 2321 2050 2374 fui

257 2414 399 2467 enim
435 2412 594 2468 hodie
632 2414 687 2467 in
723 2412 902 2468 funus.
979 2412 1135 2468 homo
1172 2413 1367 2483 bellus,
1419 2419 1529 2468 tam
1566 2414 1737 2468 bonus
1776 2413 2051 2483 Chrysan-

367 2664 392 2705 8
425 2663 791 2727 circumeuntem
818 2663 1012 2723 Scheffer
1050 2663 1386 2708 circumeuntes
1419 2665 1477 2707 H
1606 2665 1631 2705 9
1662 2675 1775 2708 sane
1807 2664 1866 2706 H
1890 2663 2051 2720 insane

252 2733 473 2779 Heinsius
653 2736 705 2778 12
736 2736 885 2780 Dama
922 2735 1125 2789 (Damas)
1157 2735 1316 2792 itaque
1346 2734 1566 2778 Heinsius
1606 2735 1777 2779 clamat
1805 2735 1966 2792 itaque
1998 2735 2051 2777 Η

252 2807 526 2861 pataracina
576 2807 637 2850 H
673 2809 836 2864 patera
885 2805 1051 2862 capaci
1096 2805 1206 2852 vina
1248 2805 1479 2849 Heinsius.
1549 2802 1653 2849 ‘non
1696 2809 1788 2849 tam
1826 2820 2051 2850 meracum

256 2891 388 2934 quam
426 2877 688 2935 yrandioris
720 2877 897 2936 potorii
929 2891 1068 2935 qemcs
1103 2878 1377 2936 appellatum
1397 2876 1554 2933 fuisse
1578 2881 1688 2933 puto
1718 2876 1875 2934 qualia
1905 2891 2053 2922 anan-

255 2963 361 2992 caea
398 2954 526 2993 erant
564 2950 635 2993 vel
660 2949 882 3008 Allq'fana
919 2949 973 2993 ab
1003 2948 1202 2993 Horatio
1232 2949 1302 2992 vel
1332 2948 1531 2993 batiacae
1561 2964 1589 2992 a
1622 2949 1786 2993 Plauto
1818 2948 2051 2991 Athenaeo

253 3019 454 3064 Arnobio
485 3025 780 3065 >memoratam
840 3044 899 3052 --
948 3019 956 3034 ³
961 3024 1156 3078 poscunt
1202 3019 1449 3076 majoribus
1489 3020 1680 3078 poculis’
1733 3019 1848 3063 discat
1897 3019 2050 3064 Cicero

262 3092 388 3136 Verr.
422 3091 485 3145 II,
519 3092 544 3136 I
572 3088 730 3145 26,66'.
760 3092 984 3136 Bic'cheler
1012 3093 1050 3135 I
1131 3093 1184 3135 16
1214 3092 1347 3147 potio
1376 3090 1644 3144 vestiarius]
1682 3090 1815 3146 potio
1845 3089 2050 3146 optimus

253 3161 538 3208 vestiarius?
568 3162 789 3207 Biicheler
818 3163 857 3206 I
967 3164 1019 3206 1'6
1050 3162 1325 3209 staminatas
1358 3162 1417 3205 H
1447 3161 1705 3207 heminatas
1736 3161 1842 3205 oder
1871 3160 2050 3205 emina.-

253 3233 346 3278 rias
388 3233 604 3278 Heinsius
641 3235 900 3291 geminatas
938 3235 1044 3278 oder
1082 3233 1362 3280 heminarias
1399 3233 1661 3276 JFGlronov
1697 3231 1798 3289 jam
1833 3232 1930 3276 IIII
1965 3230 2049 3276 he-

254 3303 402 3347 minas
445 3305 590 3352 Welde
611 3320 661 3362 p.
686 3311 743 3350 23
869 3307 921 3348 19
950 3306 1188 3352 balniscus
1221 3305 1417 3364 Scheffer
1454 3303 1662 3350 baliscus
1693 3305 1755 3348 H
1782 3302 2049 3349 balaniscus

255 3373 490 3419 Reinesius
529 3375 725 3422 balneus
754 3377 1019 3422 JFGronov
1146 3379 1192 3420 21
1231 3376 1453 3432 laecasin]
1487 3377 1574 3420 wol
1598 3374 1811 3427 leicazin,
1841 3371 1936 3430 vgl.
1970 3373 2047 3418 die

253 3443 392 3491 Anm.
512 3444 566 3489 22
596 3446 763 3502 bellus]
795 3451 889 3493 tam
917 3447 1069 3494 bellus
1099 3449 1270 3502 «Ταοοόε,
1313 3448 1461 3494 Wehte
1482 3462 1534 3505 p.
1561 3454 1615 3491 17

2081 1864 2311 1908 aseheim-³
2365 1856 2397 1914 ,ἢ

2138 1936 2179 1975 p.
2198 1923 2251 1965 28
2352 1928 2362 1960 ἰ-
2382 1924 2385 1932 ⁴
