2418 3762
321 259 424 309 316
949 250 1317 309 Anmerkungen
1347 263 1406 296 zu
1436 253 1505 297 75.

316 401 366 442 te
396 408 507 453 ergo
538 395 588 440 in
618 395 769 441 oculis
799 398 988 452 gestare
1018 392 1113 439 Cic.
1143 393 1262 438 Phil.
1295 394 1442 446 6‚4,11
1479 393 1580 451 jam
1619 391 1713 440 fert
1751 394 1800 438 in
1839 392 1988 438 oculis
2018 389 2121 438 Att.

319 468 443 521 6,2,5
474 466 742 523 publicanis
773 465 821 511 in
851 466 1002 511 oculis
1033 476 1191 510 sumus
1222 464 1380 519 Quint.
1414 462 1470 509 fr.
1504 463 1576 509 III
1608 466 1680 519 1,9
1710 463 1910 510 Balbum
1937 476 2051 510 vero
2082 464 2132 510 in

317 538 468 583 oculis
499 536 612 582 fero.
685 536 851 581 Famil.
886 535 1000 582 XVI
1033 535 1134 588 27,2
1176 533 1368 580 Te-fero
1397 535 1447 580 in
1477 535 1640 580 oculis.
1710 534 1820 581 Otto
1852 534 2034 582 Archiv
2062 534 2131 581 VI

317 610 397 654 311
433 628 486 647 =
520 609 625 664 Spr.
662 608 824 653 oculus
857 609 897 650 2.

431 677 708 734 fulcipedia
738 678 863 735 »eine
905 677 998 723 den
1026 677 1148 723 Fuss
1187 676 1337 722 durch
1376 675 1665 735 Unterlagen
1703 678 1820 723 oder
1862 676 1984 721 hohe
2022 674 2129 721 Ab·

320 752 451 797 satze
489 748 744 804 (fulmenta)
798 749 945 794 hoher
993 748 1265 803 machende,
1319 749 1383 793 im
1421 747 1565 793 Sinne
1614 761 1707 794 von
1743 746 2127 793 ‘hochfahrend'.«

313 820 550 868 Biicheler
581 820 720 866 Altes
751 820 921 866 Latein
952 819 1122 865 Rhein.
1151 819 1268 864 Mus.
1300 818 1511 865 XXXIX
1543 820 1655 864 1884
1685 818 1731 864 S.
1753 819 1896 864 425ff.

429 892 613 939 bonum
645 892 791 937 tuum
823 899 1120 947 concoquas.
1160 891 1342 936 Bonum
1370 896 1503 936 tuum
1532 892 1598 937 ist
1625 891 1833 937 ironisch
1864 903 1923 935 zu
1952 888 2125 935 fassen:

314 963 465 1010 Suche
496 964 582 1008 mit
625 964 732 1009 dem
765 962 1063 1014 Schlimmen,
1111 976 1210 1008 was
1255 962 1320 1007 du
1360 962 1434 1007 dir
1471 974 1739 1019 zugezogen
1777 961 1886 1007 hast
1917 961 2129 1015 (meinem

313 1035 448 1089 Zorn)
487 1048 540 1081 so
570 1039 657 1092 gut
686 1034 832 1092 fertig
861 1048 918 1079 zu
948 1033 1140 1079 werden
1170 1032 1241 1080 als
1273 1034 1338 1078 du
1367 1032 1554 1079 kannst.
1597 1033 1731 1088 (Also
1761 1033 1851 1078 wie
1881 1031 1970 1078 tibi
2001 1032 2128 1090 quod

311 1105 504 1158 intristi,
540 1106 828 1151 exedendam
860 1109 947 1151 est.
1010 1104 1122 1150 Otto
1155 1104 1258 1161 Spr.
1292 1105 1520 1159 interere.)

425 1174 581 1221 milva
610 1190 698 1222 nur
727 1176 845 1223 hier.
908 1176 975 1221 Zu
1005 1178 1060 1218 46
1091 1177 1331 1221 milvinum
1362 1188 1523 1232 genus.

431 1237 748 1302 fingentem
778 1247 899 1304 ringi
930 1251 1005 1292 est
1035 1246 1318 1293 stomachari
1349 1247 1565 1291 tacitum:
1605 1249 1678 1292 est
1715 1247 1837 1292 enim
1874 1244 2123 1292 translatio

310 1331 339 1362 a
370 1317 565 1364 canibus
595 1319 849 1364 latraturis.
917 1319 1090 1363 Donat.
1124 1317 1187 1362 ad
1216 1315 1405 1362 Terent.
1436 1316 1620 1362 Phorm.
1652 1319 1748 1363 341.
1809 1318 1971 1362 Horat.
1999 1317 2123 1373 Epp.

307 1386 356 1432 H
386 1389 531 1442 2,127.
594 1389 734 1446 Corp.
765 1388 918 1435 Gloss.
950 1389 998 1433 II
1027 1402 1071 1446 p.
1106 1390 1189 1430 174
1219 1388 1417 1444 ringitur
1446 1387 1708 1447 πικραίνεται
1737 1413 1794 1421 —-
1824 1387 2046 1447 ὀργίζεται.

426 1458 787 1505 amasiuncula.
840 1460 909 1505 Zu
939 1463 993 1502 45
1028 1458 1387 1504 amasiunculos.

423 1528 564 1575 clavo
604 1530 834 1576 tabulari
874 1532 964 1576 wie
1004 1535 1139 1576 sonst
1178 1530 1366 1576 trabali.
1436 1530 1533 1577 Cic.
1568 1531 1703 1578 Verr.
1735 1531 1779 1575 V
1808 1531 1940 1583 2253
1977 1530 2041 1574 Et
2070 1531 2125 1574 ut

306 1599 397 1645 hoc
418 1601 709 1654 beneficium,
736 1602 1126 1660 quemadmodum
1148 1602 1333 1657 dicitur,
1368 1603 1541 1649 trabali
1564 1603 1701 1648 clavo
1720 1601 1901 1659 figeret.
1940 1599 2123 1647 Arnob.

305 1671 353 1716 II
383 1673 438 1715 43
472 1686 531 1719 ne
565 1674 698 1718 velut
727 1674 987 1721 trabalibus
1018 1674 1167 1721 clavis
1196 1672 1328 1719 affixi
1359 1674 1634 1732 corporibus
1665 1673 1918 1719 haereatis.
1962 1670 2119 1717 Plaut.

305 1741 438 1788 Asin.
463 1745 544 1787 156
575 1744 724 1790 Fixus
753 1743 829 1789 hic
859 1745 985 1801 apud
1013 1759 1100 1790 nos
1131 1744 1312 1790 animus
1343 1749 1453 1791 tuus
1484 1745 1621 1793 clavo
1651 1745 1899 1803 cupidinis.
1942 1743 2121 1788 Datum

306 1811 436 1859 fiihrt
468 1815 545 1859 die
576 1815 851 1862 Necessitas
879 1817 959 1863 bei
989 1816 1153 1861 Horat.
1179 1815 1231 1861 O.
1257 1816 1280 1860 I
1312 1818 1437 1871 35,17
1463 1817 1536 1862 III
1565 1819 1667 1871 24,5
1699 1817 1860 1862 clavos
1890 1814 2115 1861 trabales.

307 1884 417 1931 Otto
448 1884 628 1933 Archiv
657 1886 701 1932 V
734 1888 785 1929 12
818 1905 871 1925 =
904 1887 1009 1945 spr.
1046 1889 1210 1934 clavus
1242 1889 1279 1930 1·
1807 1889 1810 1891 ’

423 1956 510 2001 sed
540 1957 769 2002 vivorum
798 1958 1195 2004 meminerimus.
1255 1959 1323 2004 Zu
1351 1961 1407 2002 44
1438 1975 1484 2006 v.
1518 1973 1577 2004 m.

418 2037 506 2073 vos
535 2019 699 2082 rogm
740 2030 806 2074 Zu
837 2031 890 2071 63
922 2043 1037 2086 rogo
1066 2043 1168 2076 vos.

418 2098 479 2144 ut
507 2098 650 2144 vobis
682 2098 910 2144 suaviter
939 2099 1010 2145 sit
1039 2102 1128 2146 wie
1160 2102 1232 2145 59.

418 2168 524 2213 tam
555 2169 634 2214 fui
663 2180 814 2224 quam
842 2180 931 2216 vos
962 2170 1106 2216 estis.
1159 2171 1391 2218 Guericke
1421 2174 1491 2217 54.

419 2237 686 2285 corcillum
717 2245 835 2287 statt
866 2243 1106 2287 corculum
1141 2242 1249 2298 (Cic.
1282 2242 1424 2289 Tusc.
1457 2243 1482 2288 I
1514 2244 1566 2286 18
1597 2242 1770 2289 Nasica
1798 2242 1880 2287 ille
1909 2241 2116 2299 prudens

300 2309 377 2356 bis
410 2313 573 2356 consul
604 2311 866 2365 Corculum)
899 2326 988 2357 nur
1017 2313 1133 2359 hier.
1743 2302 1747 2305 ’

417 2381 694 2436 quisquilia
726 2387 845 2428 statt
877 2384 1156 2442 quisquiliae
1189 2384 1424 2431 Guericke
1453 2387 1523 2429 41.

418 2450 671 2498 felicitate
700 2452 899 2499 dissilio
929 2469 988 2500 zu
1019 2457 1069 2498 61
1105 2456 1404 2513 gaudimonio
1435 2456 1635 2503 dissilio.

418 2522 632 2568 sterteia
661 2523 780 2571 fehlt
809 2526 888 2572 bei
919 2527 1143 2584 Georges.

415 2594 516 2639 iam
547 2595 734 2641 curabo
766 2595 929 2642 fatum
960 2598 1104 2643 tuum
1134 2597 1324 2654 plores·
1365 2597 1432 2644 Zu
1454 2599 1508 2641 58
1541 2599 1719 2646 curabo
1742 2600 1844 2658 Jam
1864 2600 1956 2647 tibi
1974 2600 2112 2648 Jovis

297 2664 444 2711 iratus
477 2666 551 2711 sit.

415 2735 520 2781 tam
544 2743 761 2791 ‘magnus
794 2748 856 2783 ex
887 2739 1008 2785 Asia
1049 2741 1182 2786 veni.
1251 2743 1307 2784 44
1349 2754 1454 2786 cum
1482 2742 1684 2797 primum
1714 2755 1773 2787 ex
1802 2741 1922 2789 Asia
1951 2745 2077 2790 veni.

414 2806 744 2854 candelabrus
776 2814 894 2856 statt
925 2811 1260 2859 candelabrum
1290 2811 1524 2858 Guericke
1556 2814 1628 2857 46.

415 2877 478 2922 ad
509 2890 771 2924 summam.
831 2882 898 2926 Zu
927 2884 978 2926 31
1014 2884 1075 2928 ad
1105 2896 1142 2927 s.

411 2948 659 2995 rostrum.
719 2950 953 2998 Schnabel
983 2951 1059 2998 fiir
1088 2954 1228 3000 Maul.
1295 2953 1448 3000 Plaut.
1481 2955 1603 3000 Men.
1637 2956 1692 2998 89
1737 2956 1863 3013 apud
1901 2968 2108 3003 mensam

297 3019 485 3074 plenam
515 3021 717 3068 hominis
746 3027 948 3069 rostrum
979 3024 1172 3081 deliges.

410 3090 582 3145 ipsimi
611 3116 669 3122 —
697 3092 927 3147 ipsimae.
988 3095 1056 3139 Zu
1086 3097 1140 3139 63
1171 3095 1327 3152 ipsimi
1357 3097 1520 3145 nostri.

412 3171 503 3206 nec
531 3161 684 3217 turpe
714 3163 793 3209 est
823 3164 958 3219 quod·
985 3164 1213 3212 dominus
1243 3165 1402 3212 iubet.
1452 3168 1615 3215 Hater.
1639 3168 1718 3215 bei
1738 3168 1919 3216 Seneca
1947 3169 2102 3217 Gontr.

297 3229 367 3276 IV
396 3244 466 3288 pr.
498 3245 543 3288 p.
581 3235 712 3287 378,9
742 3235 877 3281 Burs.
912 3236 1207 3294 impudicitia
1236 3237 1286 3282 in
1315 3238 1520 3297 ingenuo
1551 3240 1727 3286 crimen
1757 3244 1843 3295 est,
1887 3241 1937 3287 in
1966 3254 2105 3288 servo

294 3303 568 3354 necessitas,
601 3304 651 3348 in
678 3304 850 3351 liberto
881 3305 1102 3353 officium.
1152 3309 1424 3367 Marquardt
1451 3311 1531 3356 Prl
1559 3311 1584 3356 I
1615 3312 1760 3365 179,1.

413 3372 789 3420 satisfaciebam
819 3377 915 3433 vgl.
951 3380 1006 3422 69
1039 3379 1246 3426 solebam
1277 3381 1505 3438 ipsumam
1534 3395 1684 3429 meam
1715 3383 2010 3430 debattuere.
