2418 3762
296 242 396 293 148
931 234 1058 280 Cena
1089 234 1456 280 Trimalchionis.

292 383 398 436 lius
438 387 535 447 est,
575 397 607 434 a
644 378 892 449 primitiis
930 378 1129 432 hilares
1167 383 1220 432 et
1255 378 1585 433 Homeristas
1625 371 1960 447 spectemus'.
2012 377 2097 430 in-

292 474 452 528 travit
488 473 650 527 factio
1045 471 1223 525 statim
1261 471 1537 540 hastisque
1576 477 1729 525 scuta
1767 469 2088 538 concrepuit.

291 568 410 638 ipse
448 564 774 620 Trimalchio
824 563 882 639 in
919 564 1139 634 pulvino
1188 563 1445 630 consedit,
1499 569 1552 617 et
1602 580 1722 617 cum
1758 562 2095 617 Homeristae

292 659 514 714 Graecis
552 657 1278 726 versibus-colloquerentur,
1331 662 1389 709 ut
1424 657 1715 710 insolenter
1758 655 1948 722 solent,
2001 655 2096 710 ille

237 764 260 803 5
293 769 486 807 canora
534 767 668 806 voce
715 749 906 804 Latine
957 750 1176 819 legebat
1221 749 1434 803 librum.
1518 765 1641 803 mox
1692 747 1904 802 silentio
1949 747 2094 802 facto

282 839 471 906 ‘scitis’
513 844 687 913 inquit
714 840 903 911 ‘quam
940 842 1182 897 fabulam
1220 846 1413 912 agant?
1479 840 1767 896 Diomedes
1813 848 1868 896 et
1905 841 2096 910 Gany-

291 937 477 991 medes
528 936 632 990 duo
681 936 875 990 fratres
925 935 1154 990 fuerunt.
1245 936 1434 990 horum
1495 951 1642 989 soror
1696 940 1812 989 erat
1863 922 2092 987 Helena.

293 1032 664 1099 Agamemnon
700 1029 852 1083 illam
890 1030 1068 1098 rapuit
1105 1034 1159 1083 et
1193 1028 1405 1082 Dianae
1443 1045 1657 1083 cervam
1703 1026 1947 1103 subiecit.
2020 1027 2099 1080 ita

293 1140 435 1177 nunc
489 1123 748 1177 Homeros
806 1122 958 1188 dicit,
1030 1108 1476 1189 quemadmodum
1546 1120 1686 1174 inter
1742 1136 1801 1174 se
1856 1126 2099 1190 pugnent

214 1227 265 1268 10
298 1216 519 1270 Troiani
558 1221 610 1269 et
645 1214 936 1268 Parentini.
1012 1215 1139 1268 vicit
1186 1214 1390 1268 scilicet
1437 1219 1492 1267 et
1527 1212 1886 1282 Iphigeniam,
1930 1212 2096 1266 filiam

221 1328 229 1337 ·
294 1326 465 1375 suam,
519 1307 720 1362 Achilli
767 1307 917 1360 dedit
961 1323 1201 1360 uxorem.
1282 1307 1349 1360 ob
1395 1323 1516 1360 eam
1565 1323 1677 1359 rem
1713 1305 1854 1358 Aiax
1896 1305 2098 1359 insanit

293 1407 348 1456 et
373 1401 550 1455 statim
576 1406 950 1469 argumentum
976 1393 1303 1469 explicabit.³
1351 1400 1487 1452 haec
1511 1404 1579 1452 ut‘
1594 1398 1728 1451 dixit
1747 1397 2092 1461 TrimalchiO,

296 1495 581 1548 clamorem
619 1493 956 1547 Homeristae
1005 1492 1348 1560 sustulerunt,
1394 1492 1639 1560 interque
1689 1490 1950 1564 familiam
1987 1490 2099 1544 dis-

297 1593 596 1640 currentem
643 1586 844 1640 vitulus
887 1586 943 1638 in
993 1586 1148 1641 lance
1198 1585 1482 1638 ducenaria
1531 1583 1706 1638 elixus
1756 1584 1955 1637 allatus
1994 1589 2092 1645 est,

214 1684 264 1725 15
301 1686 355 1734 et
393 1679 610 1747 quidem
650 1679 917 1746 galeatus
947 1656 953 1668 ²
998 1683 1211 1731 secutus
1260 1682 1342 1731 est
1378 1677 1519 1730 Aiax
1569 1677 1855 1745 strictoque
1892 1675 2092 1744 gladio,

296 1779 554 1842 tanquam
592 1771 868 1834 insaniret,
914 1770 1161 1839 concidit,
1208 1788 1272 1824 ac
1308 1770 1466 1823 modo
1513 1786 1673 1824 versa
1709 1769 1866 1823 modo
1906 1769 2101 1838 supina

295 1847 647 1934 gesticulatus
686 1879 936 1918 mucrone
974 1864 1146 1917 frusta
1176 1863 1395 1932 collegit
1419 1862 1844 1930 mirantibusque
1869 1860 2099 1915 vitulum

294 1959 523 2028 partitus
563 1962 663 2012 est.

212 2051 279 2103 60
441 2067 541 2104 nec
582 2050 675 2103 diu
712 2049 901 2102 mirari
930 2050 1082 2102 licuit
1106 2055 1216 2102 tam
1242 2049 1519 2117 elegantes
1546 2048 1819 2117 strophas3
1863 2065 1989 2100 nam
2014 2064 2101 2101 re-

208 2156 263 2197 20
299 2148 461 2213 pente
499 2141 779 2196 lacunaria
827 2158 1019 2195 sonare
1059 2147 1344 2210 coeperunt
1380 2147 1652 2210 totumque
1690 2140 1982 2194 triclinium
2018 2140 2104 2193 in-

300 2234 530 2289 tremuit.
610 2239 978 2288 consternatus
1016 2250 1116 2302 ego
1145 2235 1423 2288 exsurrexi
1450 2240 1502 2288 et
1538 2233 1706 2301 timui,
1751 2250 1820 2287 ne
1859 2250 1955 2302 per
1990 2239 2105 2287 tec-

299 2333 412 2381 tum
450 2326 859 2396 petauristarius
897 2326 1092 2395 aliquis
1131 2326 1502 2388 descenderet.
1562 2344 1662 2381 nec
1699 2327 1875 2380 minus
1911 2326 2106 2394 reliqui

300 2420 563 2474 convivae
582 2489 588 2492 ἢ
605 2420 860 2473 mirantes
900 2436 1118 2473 erexere
1156 2419 1354 2485 vultus,
1414 2424 1761 2490 expectantes
1811 2417 1942 2486 quid
1978 2419 2105 2472 novi

301 2512 370 2566 de
427 2513 578 2566 caelo
633 2512 985 2566 nuntiaretur.
1083 2528 1206 2566 ecce
1255 2518 1435 2566 autem
1484 2511 1716 2566 diductis
1759 2511 2105 2565 lacunaribus

421 3007 441 3046 1
478 3019 505 3049 a
537 3004 761 3060 primitiis
790 3004 976 3058 hilares]
1011 3004 1190 3060 asperis
1221 3004 1357 3048 mites
1390 3006 1437 3048 et
1468 3003 1742 3060 Hirschfeld
1940 3005 1966 3045 2
1998 3004 2107 3047 ohne

309 3076 462 3120 Liicke
492 3077 715 3120 Bito-hezer
838 3077 891 3118 10
921 3074 1162 3120 Parentini
1192 3076 1253 3118 H
1282 3074 1528 3119 Tarentini
1557 3076 1754 3134 Scheffer
1879 3076 1932 3118 14
1963 3075 2106 3120 duce-

305 3147 438 3192 naria
477 3149 718 3191 Burmann
767 3147 966 3191 dunaria
1002 3147 1062 3191 H
1093 3145 1284 3190 denaria
1327 3146 1645 3200 (duodenaria)
1688 3147 1914 3191 Bacheler
1941 3147 1980 3189 I
2019 3147 2106 3190 do-

309 3219 441 3262 naria
472 3218 722 3262 Bachezerss
840 3220 891 3262 15
917 3214 1159 3261 ‘turbatum
1189 3217 1363 3274 aliquid
1390 3232 1481 3262 esse
1512 3216 1723 3260 omissum
1751 3218 1834 3262 hoc
1864 3218 1956 3269 loco
1985 3217 2108 3263 vitu-

308 3289 403 3332 lum
435 3293 514 3332 aut
545 3301 650 3333 eum
681 3287 971 3334 demonstras
1000 3287 1240 3333 Bicehelevss
1357 3289 1410 3332 16
1440 3289 1607 3345 supina
1638 3289 1836 3348 Schqffer
1864 3301 2027 3344 spuma
2056 3290 2111 3331 Η

311 3359 365 3401 24
396 3360 603 3404 diductis
638 3361 835 3419 Scheffer
873 3361 1104 3405 deductus
1133 3361 1193 3404 H

2127 262 2353 306 Biicheler3

2170 335 2216 373 p.
2239 322 2293 363 39

2129 393 2187 435 H

2131 2056 2309 2096 ssfiehol
2391 2020 2407 2082 ‚⁹

2178 2117 2226 2165 1).
2245 2112 2302 2152 40
2395 2127 2398 2136 ·
