2418 3762
265 259 331 310 86
904 257 1032 303 Cena
1063 256 1437 303 Trimalchionis.

259 399 463 470 phonia
502 401 658 455 datur
684 404 737 453 et
760 399 1056 469 gustatoria
1081 399 1283 468 pariter
1306 417 1339 454 a
1365 401 1524 456 choro
1564 408 1813 457 cantante
1851 403 2073 473 rapiun-
2103 422 2200 465 HL

257 499 359 549 tur.
434 497 667 548 ceterum
706 492 846 547 inter
869 491 1155 546 tumultum
1182 509 1301 547 cum
1328 493 1463 550 forte
1501 496 1745 566 paropsis
1784 495 2074 552 excidisset

260 594 312 643 et
347 604 481 658 puer
518 587 782 639 iacentem
822 584 1144 650 sustulisset,
1196 585 1577 642 animadvertit
1613 588 1941 643 Trimalchio
1978 606 2070 645 co-

257 681 544 750 laphisque
582 675 856 746 obiurgari
893 693 1119 747 puerum
1156 695 1221 733 ac
1248 678 1487 749 proicere
1513 696 1697 734 rursus
1724 681 2068 751 paropsidem

203 776 227 814 5
257 773 429 828 iussit.
521 772 795 824 insecutus
843 774 925 823 est
979 770 1432 840 supellecticarius
1489 777 1877 841 argentumque
1931 774 2073 829 inter

255 867 465 935 reliqua
515 867 872 935 purgamenta
917 864 1094 933 scopis
1145 865 1320 935 coepit
1365 881 1626 919 everrere.
1663 867 1672 930 l
1706 866 1937 921 subinde
1983 866 2072 920 in-
2102 875 2163 918 H

255 961 529 1011 traverunt
585 956 690 1010 duo
747 955 1039 1026 Aethiopes
1095 957 1338 1027 capillati
1395 974 1512 1011 cum
1568 958 1780 1027 pusillis
1836 959 2060 1026 1111111118,

256 1050 445 1117 quales
485 1049 661 1103 solent
699 1064 821 1117 esse
859 1049 952 1117 qui
989 1050 1246 1104 harenam
1278 1050 1336 1104 in
1361 1049 1757 1119 amphitheatro
1785 1057 2063 1120 spargunt,

256 1142 548 1210 vinumque
587 1140 787 1195 dedere
830 1141 887 1195 in
924 1158 1142 1206 manus3
1197 1159 1392 1210 aquam
1433 1144 1573 1196 enim
1611 1160 1768 1197 nemo
1806 1144 2062 1213 porrexit.

176 1195 245 1313 {305
398 1234 405 1305 Ι
438 1234 690 1288 laudatus
729 1239 947 1304 propter
981 1236 1279 1303 elegantias
1308 1235 1553 1289 dominus
1586 1230 1852 1304 ‘aequum'
1895 1236 2069 1304 inquit
2099 1246 2196 1290 HL

258 1325 416 1380 ‘Mars
457 1333 617 1381 amat.
688 1328 870 1395 itaque
907 1327 1040 1380 iussi
1080 1344 1231 1382 suam
1272 1328 1465 1396 cuique
1503 1344 1746 1381 mensam
1775 1329 2062 1397 assignari.

255 1421 426 1475 obiter
464 1425 517 1474 et
554 1419 876 1488 putidissimi
919 1421 1062 1474 servi
1100 1421 1358 1474 minorem
1391 1420 1547 1474 nobis
1575 1425 1785 1474 aestum
1811 1420 2069 1489 frequen-

253 1515 330 1567 tia
368 1529 464 1567 sua
503 1507 738 1566 facient².

399 1605 579 1659 statim
619 1606 820 1659 allatae
865 1612 989 1660 811111
1026 1606 1320 1676 amphorae
1358 1606 1565 1660 vitreae
1603 1605 1889 1675 diligenter
1925 1622 2072 1676 gyp-

173 1717 225 1758 15
258 1705 426 1767 satae,
472 1715 698 1766 quarum
733 1698 792 1751 in
829 1698 1128 1753 cervicibus
1167 1699 1394 1769 pittacia
1432 1704 1586 1753 erant
1622 1698 1795 1753 affixa
1821 1714 1942 1753 cum
1964 1699 2070 1754 1100

251 1792 433 1847 titulo:
501 1786 813 1844 ‘Falernum
875 1790 1220 1861 Opimianum
1283 1807 1540 1845 annorum
1604 1786 1854 1846 centum³.
1941 1791 2069 1845 dum

251 1884 436 1939 titulos
473 1883 828 1954 perlegimus,
881 1884 1163 1954 complosit
1200 1883 1525 1939 Trimalchio
1569 1899 1763 1938 manus
1801 1889 1856 1938 et
1885 1878 2064 1938 ‘eheu'

250 1972 464 2055 11191111,ε
480 1992 606 2044 ergo
640 1975 849 2030 'diutius
887 1976 1022 2031 vivit
1053 1976 1060 2047 Ι
1094 1962 1277 2031 vinum
1313 1993 1476 2046 quam
1512 1976 1818 2035 homuncio.
1898 1993 2067 2045 quare
2097 1987 2158 2028 Η

252 2052 604 2137 tangomenas
630 2068 912 2122 faciamus,
951 2067 959 2139 Ι
992 2068 1175 2123 vinum
1199 2068 1312 2124 vita
1337 2074 1438 2123 est.
1503 2085 1690 2123 verum
1718 2068 2067 2138 Opimianum
2099 2078 2197 2123 HL

169 2179 222 2221 20
253 2165 487 2231 praestO.
554 2160 671 2214 heri
707 2162 814 2214 non
850 2165 961 2213 tam
997 2160 1196 2215 bonum
1234 2162 1407 2231 posui⁷
1452 2167 1507 2216 et
1537 2162 1702 2215 multo
1727 2161 2065 2216 honestiores

254 2247 558 2327 cenabant².
592 2265 594 2267 ’
622 2252 930 2322 potantibus
970 2269 1099 2322 ergo
1133 2254 1287 2308 nobis
1314 2259 1367 2308 et
1392 2254 1796 2309 accuratissime
1820 2254 2066 2310 lautitias

163 2402 171 2412 ,
253 2346 571 2400 mirantibus
621 2346 829 2398 laruam
874 2350 1187 2414 argenteam
1237 2346 1417 2402 attulit
1461 2362 1648 2401 servus
1686 2347 1764 2401 sic
1802 2352 2056 2417 aptatam,

253 2443 313 2492 ut
360 2438 574 2492 articuli
622 2438 737 2492 eius
786 2439 1174 2507 vertebraeque
1225 2440 1446 2494 luxatae
1493 2439 1549 2492 in
1598 2456 1807 2494 omnem
1857 2444 2064 2509 partem

251 2529 608 2586 flecterentur.
684 2531 824 2585 hane
872 2547 992 2585 eum
1039 2547 1201 2603 super
1250 2548 1494 2586 mensam
1540 2532 1710 2586 semel
1757 2532 2061 2601 iterumque

367 2818 395 2858 4
425 2814 679 2873 objurgari]
716 2813 933 2872 objugari
965 2815 1022 2858 H
1046 2814 1295 2872 objurgare
1327 2816 1370 2860 L
1521 2817 1546 2858 5
1575 2816 1837 2870 insecutus]
1869 2815 2062 2860 insecu-

253 2890 423 2944 tusque
454 2886 498 2929 L
625 2887 649 2927 5
681 2886 1082 2943 supellecticarius
1113 2887 1274 2930 Dousa
1302 2886 1574 2932 lecticarius
1606 2889 1668 2932 H
1785 2889 1812 2931 6
1844 2899 2060 2932 everrere

259 2959 374 3002 Goes
408 2969 596 3005 verrere
626 2957 724 3002 HL
890 2959 938 3000 11
968 2957 1092 3015 jussi
1121 2959 1363 3002 Burmann
1393 2959 1541 3017 Jussit
1572 2960 1634 3004 Η
1663 2958 1812 3016 Jussit
1842 2970 1988 3003 senex
2018 2958 2062 3002 L

255 3029 306 3069 12
337 3029 627 3086 putidissimi
650 3028 868 3072 Heinsius
896 3029 1143 3086 pudissimi
1163 3030 1219 3072 Η
1244 3028 1455 3086 fidissimi
1477 3031 1519 3073 L
1548 3029 1872 3088 paedidissimi
1895 3029 2061 3087 Senes-

238 3100 324 3155 fer
499 3101 551 3142 19
581 3103 888 3157 tangomenas
919 3101 980 3145 H
1029 3104 1337 3158 tengomenas
1367 3101 1608 3145 Buchelerss
1665 3101 1785 3160 τέγγε
1819 3099 2061 3158 πνεύμονας

255 3171 480 3213 Muncker
518 3170 703 3214 Orusius
732 3170 855 3215 Jahn
885 3171 1110 3216 312011οῑον
1141 3172 1175 3215 Ι
1210 3170 1426 3230 τέγγωμεν
1457 3170 1575 3230 ἡμᾶς
1607 3173 1772 3216 Jacobs
1810 3176 2057 3228 tengome-

251 3239 354 3284 nias
390 3239 497 3284 Situ
524 3242 696 3286 Archiv
735 3243 813 3288 VI
835 3244 955 3297 445⁸)
1098 3244 1150 3285 19
1180 3243 1340 3288 vinum
1369 3243 1471 3288 vita
1499 3247 1574 3289 est
1611 3244 1724 3287 G'oes
1767 3243 1870 3288 vita
1897 3242 2059 3292 vinum

253 3315 325 3356 est
356 3313 417 3355 Η
502 3313 552 3354 21
586 3313 724 3359 1101118
756 3312 804 3357 in
835 3313 922 3358 den
951 3313 1076 3358 codd.
1097 3313 1246 3358 hinter
1275 3313 1630 3360 accuratissime
1653 3313 1964 3368 (curatissime
1978 3313 2051 3366 H)

250 3382 356 3426 oder
384 3383 543 3429 attulit
660 3386 713 3427 23
744 3383 934 3431 luxatae
967 3384 1184 3430 Heinsius
1219 3384 1382 3431 laxate
1412 3387 1473 3430 H
1504 3385 1688 3432 locatae
1719 3386 1763 3429 L

2101 295 2328 338 Bucheletss

2158 366 2203 404 p.
2215 351 2269 394 23
2294 364 2297 366 '
2391 404 2392 411 ἵ
