2418 3762
327 255 426 307 168
961 251 1087 298 Cena
1117 251 1486 299 Trimalchionis.
2147 286 2334 327 Buchele

2229 342 2315 383 ,45

320 396 500 462 etiam,
543 411 611 448 ne
647 394 860 448 mentiri
896 394 1179 459 videretur,
1221 398 1475 450 stateram
1511 395 1667 450 iussit
1703 395 1883 450 afferri
1921 402 1975 451 et
2011 396 2115 450 cir·
2146 355 2225 455 Hp

320 487 608 542 cumlatum
647 486 937 557 approbari
972 486 1200 556 pondus.
1287 503 1387 542 nec
1438 488 1625 542 melior
1663 488 1931 556 Scintilla,
1977 506 2116 560 quae

321 579 387 634 de
426 580 630 635 cervice
668 596 767 633 sua
804 579 1100 649 capsellam
1148 578 1382 634 detraxit
1417 581 1708 647 aureolam,
1765 597 1927 650 quam
1967 582 2117 635 Feli-

320 672 524 726 cionem
560 671 890 741 appellabat.
967 671 1095 726 inde
1144 672 1249 728 duo
1303 673 1525 729 crotalia
1570 673 1788 744 protulit
1834 679 1887 729 et
1924 674 2118 729 Fortu-

258 767 288 816 ⁴5
319 770 480 818 natae
517 765 572 817 in
608 764 780 819 vicem
819 763 1209 819 consideranda
1247 764 1398 820 dedit
1423 771 1475 820 et
1512 760 1741 820 ‘domini'
1782 766 1955 836 inquit
1986 762 2115 822 ‘mei

316 856 575 911 beneficio
619 874 776 912 nemo
830 857 994 911 habet
1030 853 1286 912 meliora'.
1362 852 1570 927 ‘quidi'
1622 859 1798 927 inquit
1833 859 2115 914 Habinnas

309 946 738 1004 ‘excatarissasti
774 967 879 1020 me,
921 955 982 1004 ut
1017 949 1113 1004 tibi
1152 966 1382 1004 emerem
1420 951 1603 1005 fabam
1643 953 1883 1007 vitream.
1953 950 2115 1023 plane

227 1068 231 1070 ·
320 1043 366 1096 si
411 1042 579 1096 filiam
623 1043 906 1111 haberem,
964 1042 1232 1098 auriculas
1280 1042 1362 1096 illi
1398 1045 1785 1113 praeciderem.
1864 1045 2116 1118 mulieres

320 1123 365 1189 si
403 1152 510 1189 non
547 1141 756 1203 essent,
807 1131 988 1191 ‘omnia
1031 1153 1127 1206 pro
1164 1136 1275 1190 luto
1313 1136 1660 1202 haberemus3
1715 1155 1857 1193 nunc
1894 1138 1995 1194 hoc
2035 1144 2118 1193 est

238 1239 287 1279 10
320 1228 534 1282 caldum
572 1228 769 1283 meiere
809 1233 861 1282 et
897 1226 1151 1298 frigidum
1191 1224 1419 1298 potare.²
2015 1215 2019 1219 ¹

461 1415 673 1468 interim
722 1413 973 1468 mulieres
1023 1414 1242 1468 sauciae
1287 1415 1428 1469 inter
1466 1430 1524 1468 se
1560 1414 1791 1469 riserunt
1830 1416 2117 1485 ebriaeque

316 1508 603 1561 iunxerunt
640 1507 850 1570 oscula,
907 1506 1033 1560 dum
1069 1507 1240 1561 altera
1277 1507 1613 1576 diligentiam
1650 1507 1836 1562 matris
1874 1509 2116 1564 familiae

316 1600 496 1668 iactat,
553 1600 724 1653 altera
770 1599 992 1654 delicias
1045 1606 1098 1654 et
1133 1599 1532 1669 indiligentiam
1569 1601 1688 1655 viri.
1769 1600 2001 1671 dumque
2040 1603 2118 1657 sic

319 1692 628 1760 cohaerent,
684 1692 963 1747 Habinnas
1010 1692 1192 1747 furtim
1240 1693 1570 1748 consurrexit
1606 1694 1882 1765 pedesque
1921 1696 2116 1749 Fortu-

233 1790 286 1831 15
317 1790 478 1838 natae
528 1791 795 1855 correptos
844 1801 1007 1856 super
1053 1787 1252 1841 lectum
1289 1786 1525 1841 immisit.
1596 1782 1689 1842 ‘au
1726 1784 1808 1841 au'
1853 1788 1951 1841 illa
1988 1805 2114 1857 pro—

318 1877 574 1931 clamavit
619 1878 909 1933 aberrante-
949 1879 1131 1934 tunica
1180 1895 1339 1949 super
1383 1896 1578 1950 genua.
1658 1880 1948 1949 composita
1987 1897 2114 1950 ergo

314 1970 372 2024 in
409 1970 612 2038 gremio
650 1970 929 2026 Scintillae
964 1972 1392 2028 incensissimam
1435 1973 1622 2027 rubore
1660 1972 1854 2027 faciem
1895 1973 2115 2028 sudario

317 2063 614 2123 abscondit.

234 2147 300 2197 68
382 2155 386 2158 ’
459 2155 773 2226 interposito
819 2156 1014 2210 deinde
1060 2158 1234 2227 spatio
1272 2174 1391 2212 cum
1430 2157 1699 2212 secundas
1736 2175 1953 2213 mensas
1992 2160 2114 2213 Tri—

231 2253 286 2295 20
317 2248 547 2302 malchio
584 2248 832 2303 iussisset
869 2249 1075 2316 afferri,
1135 2251 1464 2305 sustulerunt
1501 2251 1642 2305 servi
1679 2268 1861 2306 omnes
1899 2269 2115 2306 mensas

319 2346 372 2395 et
427 2339 564 2394 alias
622 2341 949 2410 attulerunt,
1006 2343 1330 2411 scobemque
1389 2359 1539 2397 croco
1588 2350 1641 2398 et
1686 2344 1849 2398 minio
1895 2345 2114 2399 tinctam

318 2438 628 2503 sparserunt
673 2438 752 2500 et,
809 2434 952 2502 quod
1000 2452 1271 2504 nunquam
1319 2442 1444 2491 ante
1494 2436 1761 2506 videram,
1824 2454 1892 2491 ex
1935 2437 2115 2507 lapide

318 2526 586 2595 speculari
633 2526 911 2596 pulverem
968 2528 1168 2582 tritum.
1255 2529 1434 2583 statim
1484 2529 1809 2584 Trimalchio
1856 2524 2115 2599 ‘poteram

434 3090 454 3131 1
490 3089 811 3144 circumlatum
844 3090 1060 3135 Heinsius
1099 3091 1375 3137 circulatum
1407 3094 1467 3137 H
1569 3094 1617 3135 11
1646 3089 1916 3138 ‘decurtasse
1946 3108 2113 3138 narra-

317 3160 480 3203 tionem
510 3161 773 3218 compilator
801 3158 987 3206 videtur'
1017 3162 1236 3206 Baebeler
1264 3165 1300 3207 I
1330 3165 1519 3209 sauciae
1548 3165 1609 3208 H
1651 3165 1808 3210 sociae
1841 3165 2115 3209 Studemmzd

321 3231 373 3271 15
407 3235 647 3288 correptos
677 3234 879 3293 Scheffer
918 3238 1154 3280 correctos
1187 3235 1247 3278 H
1395 3237 1446 3278 17
1477 3234 1845 3280 incensissimam
1881 3235 2114 3288 (indecen-

318 3301 558 3356 tissimam)
598 3304 831 3349 Rez'nesius
867 3305 1090 3351 indecens
1120 3306 1260 3351 imam
1291 3307 1347 3350 H
1513 3306 1564 3348 21
1600 3306 1882 3365 scobemque
1915 3306 2115 3365 Schqffer

312 3363 618 3431 ‘scrobemque
650 3376 707 3419 H
