2366 3756
252 250 316 301 78
884 247 1011 294 Cena
1041 247 1415 294 Trimalchionis.

389 391 718 460 interrogare
757 407 883 460 ergo
922 390 1207 445 atriensem
1247 391 1412 460 coepi,
1453 408 1588 459 quas
1624 392 1681 445 in
1719 392 1893 447 medio
1930 394 2045 463 pic-

249 489 395 538 turas
431 483 708 538 haberent.
782 477 980 537 cIliada
1019 490 1073 538 et
1100 479 1390 553 Odyssian’
1424 482 1598 551 inquit
1630 484 1636 555 Ι
1665 479 1752 539 ‘ac
1790 486 2042 540 Laenatis
2074 494 2131 536 H

165 572 231 624 30
248 575 629 644 gladiatorium
666 571 894 629 munus³.
973 593 1079 629 non
1126 575 1325 630 liceb‘at
1362 576 1668 630 multaciam
1708 578 2043 632 considerare
2074 595 2251 692 Buchgl
2348 618 2351 647 :

726 677 761 685 n,
2122 665 2165 704 p.
2221 653 2240 693 1

389 777 486 816 nos
519 761 527 831 1
559 761 667 814 iam
706 760 778 814 ad
814 760 1103 814 triclinium
1141 778 1571 832 perveneramus,
1614 763 1670 816 in
1707 763 1857 816 cuius
1895 773 2046 832 parte
2077 765 2173 808 HL

190 871 214 910 5
245 853 418 923 prima
467 858 773 923 procurator
815 854 1049 907 rationes
1087 853 1404 925 accipiebat.
1484 861 1536 908 et
1573 854 1716 923 quod
1753 857 2043 926 praecipue

245 945 468 1000 miratus
508 963 642 1014 sum,
687 945 745 999 in
783 946 1028 1016 postibus
1067 947 1283 1001 triclinii
1327 948 1503 1002 fasces
1543 954 1696 1002 erant
1734 965 1852 1002 cum
1891 965 2044 1002 secu—

243 1039 389 1092 ribus
436 1038 555 1107 fixi,
620 1055 842 1107 quorum
898 1057 1058 1093 unam
1115 1047 1322 1111 partem
1370 1041 1527 1109 quasi
1576 1028 1842 1095 embolum
1887 1042 2042 1094 navis

245 1148 472 1185 aeneum
510 1131 748 1195 finiebat,
792 1131 847 1186 in
887 1150 990 1206 quo
1030 1137 1142 1186 erat
1180 1133 1457 1202 scriptum:
1500 1129 1585 1187 Ὃ.
1628 1134 1882 1203 Pompeio
1921 1133 2042 1186 Tri—

244 1224 550 1293 malchioni,
595 1227 770 1280 seviro
807 1226 1110 1294 Augustali,
1150 1225 1443 1280 Cinnamus
1474 1221 1862 1296 dispensatos.
1944 1226 2042 1279 sub

164 1328 213 1369 10
245 1316 433 1371 eodem
476 1318 629 1371 titulo
678 1324 730 1372 et
776 1320 996 1373 lucerna
1067 1318 1333 1388 bilychnis
1382 1318 1448 1372 de
1498 1335 1712 1372 camera
1747 1319 2035 1388 pendebat,

244 1415 297 1464 et
335 1409 476 1464 duae
511 1411 728 1465 tabulae
765 1413 820 1464 in
857 1417 1081 1479 utroque
1118 1417 1270 1481 poste
1309 1410 1544 1478 defixae,
1588 1428 1811 1480 quarum
1849 1412 2038 1478 altera,

245 1503 290 1555 si
335 1504 475 1556 bene
522 1504 760 1570 memini,
815 1504 915 1557 hoc
961 1504 1199 1557 habebat
1242 1503 1582 1572 inscriptum:
1624 1497 1738 1555 ‘IIL
1779 1510 1832 1557 et
1869 1503 2041 1573 pridie

241 1595 507 1649 kalendas
555 1596 835 1650 Ianuarias
885 1597 944 1651 C.
987 1602 1168 1650 noster
1214 1596 1359 1650 foras
1410 1590 1599 1664 cenat',
1659 1596 1832 1650 altera
1879 1597 2042 1650 lunae
2128 1636 2148 1655 .

243 1704 453 1741 cursum
492 1689 876 1757 stellarumque
916 1694 1122 1760 septem
1159 1689 1424 1757 imagines
1461 1689 1661 1759 pictas;
1705 1694 1758 1743 et
1795 1688 1887 1757 qui
1925 1688 2040 1742 dies

159 1791 210 1832 15
239 1781 363 1834 boni
410 1782 605 1851 quique
648 1782 969 1836 incommodi
1018 1787 1214 1850 essent,
1272 1781 1637 1851 distinguente
1688 1781 1837 1835 bulla
1885 1787 2040 1835 nota-

237 1874 449 1928 bantur.

380 2059 387 2130 Ι
420 2059 503 2112 his
541 2059 733 2128 repleti
770 2060 1135 2129 voluptatibus
1162 2077 1280 2114 cum
1307 2075 1620 2114 conaremur
1657 2059 1713 2111 in
1750 2059 2039 2113 triclinium
2069 2067 2128 2109 Η

238 2151 450 2218 intrare,
499 2153 820 2206 exclamavit
843 2168 981 2206 unus
1007 2170 1075 2206 ex
1099 2153 1295 2222 pueriS‚
1343 2151 1433 2220 qui
1472 2168 1634 2222 super
1668 2151 1770 2206 hoc
1806 2151 2037 2205 officium

241 2250 356 2298 erat
391 2243 627 2313 positus:
672 2240 878 2299 ‘dextro
931 2239 1105 2315 pede'.
1186 2245 1301 2298 sine
1351 2245 1511 2298 dubio
1557 2244 1836 2315 paulisper
1871 2245 2038 2314 trepi-

156 2350 209 2391 20
240 2336 502 2402 davimuS‚
560 2355 628 2391 ne
685 2344 867 2392 contra
921 2344 1268 2408 praeceptum
1324 2337 1519 2406 aliquis
1573 2343 1813 2392 nostrum
1874 2337 2038 2391 limen

238 2430 508 2483 transiret.
547 2431 556 2499 Ι
589 2435 823 2485 ceterum
870 2437 927 2485 ut
976 2431 1178 2501 pariter
1222 2431 1482 2485 movimus
1533 2430 1746 2484 dextros
1794 2445 2031 2499 gressus,
2069 2437 2165 2480 HL

239 2538 427 2577 servus
482 2523 636 2577 nobis
693 2522 1027 2593 despoliatus
1082 2524 1364 2592 procubuit
1414 2524 1485 2578 ad
1529 2522 1698 2594 pedes
1745 2539 1810 2576 ac
1844 2540 2035 2592 rogare

239 2616 427 2685 coepit,
467 2620 526 2669 ut
564 2632 623 2669 se
659 2632 866 2686 poenae
892 2616 1250 2687 eriperemus:
1292 2634 1392 2671 nec
1417 2632 1669 2685 magnum
1695 2631 1816 2670 esse
1842 2631 2036 2686 pecca—

355 2874 374 2914 1
409 2885 520 2929 ergo
550 2872 610 2914 H
633 2885 720 2929 ego
751 2873 794 2916 L
973 2874 997 2915 3
1029 2872 1296 2918 multaciam
1323 2873 1412 2917 wol
1438 2873 1633 2917 ent-stella
1662 2888 1743 2916 aus
1772 2872 1911 2918 simul
1940 2885 2037 2917 om—

236 2955 320 2987 nes
367 2941 580 2989 lautitias
620 2945 844 2988 Bic'cheler
885 2945 920 2988 I
960 2945 1066 2988 oder
1102 2960 1184 2988 aus
1223 2944 1368 2990 multa
1411 2945 1611 2998 (multas)
1646 2944 1748 3002 Jam
1785 2945 1868 2987 mit
1895 2945 2035 2988 einem

238 3029 395 3058 nomen
424 3016 672 3060 Bachelerss
720 3016 867 3061 multa
906 3015 968 3061 ad
1007 3017 1156 3061 aciam
1196 3016 1301 3060 oder
1338 3029 1423 3074 per
1462 3017 1609 3061 otium
1641 3017 1789 3061 multa
1816 3016 2033 3060 Heinsius

237 3086 491 3131 multiciam
531 3086 593 3130 im
625 3087 762 3131 Sinna
798 3101 881 3132 von
911 3086 1124 3145 πολὺμιτα
1154 3086 1296 3132 Orelli
1325 3089 1456 3134 Lect.
1485 3087 1677 3134 Petron.
1710 3101 1757 3144 p.
1782 3089 1822 3130 3.
1864 3087 2032 3131 malta-

238 3169 366 3201 ceam
422 3158 796 3208 (Freskomalerei
838 3160 930 3217 aas
971 3160 1106 3203 Stuclc
1150 3174 1234 3202 von
1277 3161 1448 3204 maltha
1485 3160 1603 3205 Plin.
1639 3159 1697 3205 N.
1737 3157 1781 3201 h.
1824 3145 2032 3203 XXXVI

240 3229 334 3281 181)
377 3229 495 3274 Ellis
525 3228 559 3274 J
567 3243 697 3275 ourn.
740 3228 794 3274 of
829 3230 990 3286 philol.
1033 3231 1143 3276 1886
1184 3244 1267 3277 nro
1304 3232 1424 3284 29,1.
1626 3233 1654 3272 4
1683 3241 1957 3275 veneramus
1989 3229 2031 3271 L

238 3300 262 3340 7
294 3303 445 3354 unam]
488 3302 628 3346 imam
658 3302 843 3359 Lipsius
1014 3303 1039 3345 8
1071 3301 1107 3347 C
1130 3306 1187 3358 pt
1216 3299 1286 3346 Gn
1317 3302 1414 3346 HL
1568 3303 1620 3344 10
1651 3306 1700 3346 et
1727 3300 1788 3342 H
1819 3300 1960 3345 etiam
1990 3301 2030 3343 L

238 3371 288 3412 21
322 3372 496 3428 pariter
515 3373 641 3431 fehlt
670 3373 718 3417 in
749 3373 810 3416 12,
908 3374 962 3415 22
995 3373 1054 3418 ad
1084 3373 1228 3431 pedes
1260 3374 1319 3417 H
1340 3376 1448 3419 ante
1479 3373 1622 3430 pedes
1654 3373 1696 3416 L
