2418 3762
321 271 343 320 1
354 270 421 322 26
954 267 1081 314 Cena
1109 268 1485 317 Trimalchionis.
2151 306 2314 347 Rachel
2324 324 2334 342 ἱ
2352 333 2356 341 Ι

315 415 399 464 est
438 415 491 464 et
527 415 784 480 argentea
822 426 1034 480 corona,
1087 413 1446 482 poculumque
1480 414 1538 467 in
1575 414 1730 470 lance
1768 416 1978 486 accepit
2015 417 2116 472 Co-
2151 375 2242 475 Hp·
2265 363 2318 403 33

315 502 532 556 rinthia.
613 519 774 572 quam
813 520 933 557 cum
958 504 1331 573 Agamemnon
1365 508 1588 577 propius
1620 508 2002 577 consideraret,
2048 510 2123 564 ait

314 595 661 650 Trimalchio:
700 590 870 651 ‘solus
909 613 1026 650 sum
1046 598 1156 665 ·qui
1193 613 1323 652 vera
1357 598 1644 654 Corinthea
1681 595 1947 656 habeam’.
2026 619 2123 656 ex-

315 689 630 758 pectabam,
701 693 761 742 ut
773 682 798 687 “’
810 706 907 759 pro
964 689 1173 759 reliqua
1226 690 1514 746 insolentia
1570 692 1772 748 diceret
1828 694 1932 748 sibi
1987 711 2121 749 vasa
2383 734 2387 769 ,

259 793 283 831 5
315 779 569 835 Corintho
628 781 829 836 afferri.
938 782 1037 837 sed
1092 783 1187 838 ille
1243 784 1463 839 melius:
1519 779 1596 839 ‘et
1653 781 1892 840 forsitan³
1945 787 2121 855 inquit

311 867 558 942 ‘quaeris,
587 890 751 941 quare
778 875 924 929 solus
946 875 1236 931 Corinthea
1260 894 1390 932 vera
1414 878 1742 948 possideam:
1766 878 1894 946 quia
1913 880 2120 934 scilicet

312 966 571 1034 aerariuS,
617 984 651 1020 a
688 984 792 1036 quo
832 985 965 1036 emo,
1011 968 1297 1024 Corinthus
1342 976 1576 1025 vocatur.
1653 970 1782 1039 quid
1821 978 1904 1025 est
1939 977 2118 1026 autem

314 1059 679 1129 Corintheum,
723 1061 829 1115 nisi
867 1062 987 1134 quis
1013 1061 1322 1117 Corinthum
1360 1064 1560 1118 habet?
1610 1068 1663 1117 et
1688 1081 1757 1117 ne
1794 1081 1879 1118 me
1918 1066 2118 1134 putetis

310 1152 593 1223 nesapium
633 1169 769 1222 esse,
826 1154 987 1208 valde
1023 1155 1163 1210 bene
1202 1157 1330 1223 sci0,
1383 1156 1525 1210 unde
1563 1156 1791 1225 primum
1832 1157 2120 1211 Corinthea

232 1250 281 1291 10
311 1249 443 1298 nata
481 1245 605 1300 sint.
686 1247 820 1320 Cum
853 1247 1012 1301 Ilium
1052 1254 1266 1317 captum
1305 1255 1403 1317 est,
1446 1249 1734 1315 Hannibal,
1775 1250 1931 1303 homo
1968 1251 2121 1304 vafer

313 1343 366 1392 61
402 1354 630 1407 magnus
670 1327 843 1407 stelio,
901 1356 1084 1394 omnes
1133 1346 1339 1395 statuas
1386 1358 1586 1395 aeneas
1640 1348 1693 1395 61
1740 1348 2026 1411 argenteas
2063 1344 2118 1396 in
2350 1407 2353 1409 ,
2396 1400 2397 1406 ,

309 1448 473 1485 unum
529 1448 716 1500 rogum
756 1433 1026 1500 congessit
1074 1439 1127 1488 et
1178 1450 1270 1487 eas
1315 1434 1580 1500 incendit3
1644 1433 1821 1488 factae
1879 1441 2003 1488 sunt
2058 1437 2115 1489 in
2145 1449 2332 1489 mehele
2396 1463 2397 1502 ;

308 1540 474 1577 unum
513 1540 641 1577 aera
678 1524 1047 1580 miscellanea.
1124 1526 1202 1580 ita
1240 1543 1307 1579 ex
1343 1527 1447 1581 hac
1483 1542 1663 1582 massa
1706 1527 1845 1580 fabri
1883 1529 2116 1582 sustule·
2193 1519 2234 1558 P·
2261 1505 2315 1545 34
2346 1595 2349 1598 p

313 1622 435 1670 runt
473 1622 526 1670 et
562 1616 806 1671 fecerunt
855 1619 1038 1672 catilla
1089 1625 1142 1673 et
1177 1619 1498 1689 paropsides
1549 1628 1598 1672 et
1644 1620 1962 1675 statuncula.
2039 1622 2117 1675 sic

226 1713 278 1752 15
311 1708 600 1763 Corinthea
638 1714 766 1763 nata
805 1702 943 1780 sunt,
990 1729 1057 1766 ex
1094 1713 1339 1769 omnibus
1389 1713 1446 1765 in
1491 1730 1671 1778 unum,
1726 1730 1826 1767 nec
1873 1713 1972 1768 hoc
2017 1732 2117 1768 nec
2384 1765 2387 1767 .

307 1800 462 1855 illud.
518 1801 810 1870 ignoscetis
836 1804 984 1871 mihi,
1032 1805 1174 1873 quod
1202 1805 1416 1860 dixero:
1461 1823 1564 1874 ego
1590 1807 1733 1859 malo
1759 1806 1891 1859 mihi
1916 1807 2109 1875 vitrea,
2393 1834 2395 1860 ι

310 1900 455 1948 66116
492 1911 598 1948 non
637 1895 805 1951 olunt.
884 1897 1027 1966 quod
1065 1899 1111 1964 si
1149 1915 1254 1952 non
1292 1898 1679 1967 frangerentur,
1727 1899 1945 1953 mallem
1982 1901 2115 1954 mihi
2352 1910 2354 1914 '
2393 1895 2395 1904 '

224 1992 286 2040 51
309 2004 471 2056 quam
511 2005 727 2052 aurum;
779 2007 919 2044 nunc
965 1996 1148 2061 autem
1173 1990 1328 2045 'vilia
1379 1997 1519 2045 sunt.
1598 1991 1701 2044 fuit
1744 1997 1924 2045 tamen
1961 1992 2117 2046 faber

310 2081 402 2147 qui
452 2080 578 2134 fecit
630 2081 869 2149 phialam
915 2083 1160 2144 vitream,
1214 2100 1354 2151 quae
1400 2101 1507 2150 non
1555 2084 1924 2152 frangebatur.
2014 2086 2114 2140 ad-

222 2176 276 2217 20
308 2172 503 2226 missus
542 2189 668 2241 ergo
708 2174 997 2228 Caesarem
1043 2181 1125 2229 est
1162 2192 1281 2229 cum
1320 2192 1415 2230 suo
1451 2193 1689 2240 munere,
1744 2176 1938 2231 deinde
1986 2178 2116 2232 fecit

307 2265 641 2334 reporrigere
693 2265 982 2321 Caesarem
1037 2273 1091 2322 et
1148 2269 1299 2322 illam
1344 2270 1402 2323 in
1450 2269 1818 2338 pavimentum
1868 2270 2106 2348 proiecit.

309 2357 512 2412 Caesar
547 2374 656 2412 non
692 2364 816 2428 pote
854 2361 1067 2414 valdius
1108 2366 1268 2429 quam
1309 2361 1547 2431 expavit.
1634 2362 1707 2415 ad
1749 2362 1847 2416 ille
1895 2364 2114 2417 sustulit

306 2449 551 2519 phialam
592 2452 659 2505 de
697 2458 864 2519 terra,
919 2450 1106 2508 Collisa
1145 2460 1259 2508 erat
1293 2460 1550 2523 tanquam
1600 2470 1790 2509 vasum
1841 2472 2102 2520 aeneum;

309 2541 506 2597 deinde
543 2545 844 2598 martiolum
891 2545 958 2599 de
1006 2547 1125 2600 sinu
1175 2548 1396 2616 protulit
1445 2553 1498 2600 61
1543 2547 1786 2617 phialam
1824 2548 1930 2602 otio
1967 2550 2109 2603 belle

423 2822 442 2862 1
478 2826 527 2865 et
556 2823 799 2866 Baebelerss
837 2823 978 2869 etiam
1010 2826 1071 2869 H
1106 2825 1247 2869 etiam
1277 2829 1548 2883 argenteam
1579 2839 1798 2872 coronam
1827 2827 2050 2870 Biicheler
2080 2828 2118 2870 I

304 2891 329 2932 6
363 2893 548 2948 quaeris
582 2894 643 2937 H
663 2894 887 2938 Biccheler
926 2896 1151 2953 quaeritis
1191 2897 1340 2942 Wehle
1362 2912 1411 2954 p.
1434 2904 1489 2943 28
1529 2898 1784 2943 Corinthea
1804 2900 1871 2954 H,
1903 2899 2014 2941 auch
2042 2898 2112 2941 bei

307 2963 460 3006 Isidor
495 2963 653 3024 Oriqy.
677 2965 814 3010 XVI
836 2971 939 3018 20,-1
1044 2968 1093 3008 11
1129 2967 1267 3012 stelio
1298 2968 1518 3013 Heinsius
1559 2970 1707 3014 scelio
1739 2970 1800 3012 H
1895 2972 1947 3012 17
1979 2973 2107 3014 certe

305 3048 398 3079 non
428 3036 562 3080 olunt
591 3038 810 3080 Racheler
859 3041 984 3083 certe
1013 3039 1179 3083 nolunt
1206 3039 1267 3082 H
1307 3041 1452 3085 ceteri
1482 3040 1631 3086 nolint
1663 3041 1861 3100 Scheffer
1888 3039 2107 3085 Heinsius

305 3107 375 3159 20,
411 3108 462 3148 21
506 3105 618 3151 fecit
657 3109 1235 3166 reporrigereCaesarem
1267 3112 1466 3170 Scheffer
1504 3111 1536 3157 f.
1570 3125 1610 3157 r.
1643 3111 1835 3157 Caesari
1865 3113 1926 3156 H
1968 3111 2107 3168 petiit

305 3191 340 3220 r.
373 3176 564 3222 Caesari
596 3180 811 3224 Heinsius
858 3179 974 3226 fecit
1014 3194 1064 3226 se
1099 3181 1338 3238 porrigere
1368 3182 1559 3228 Caesari
1589 3183 1808 3227 Bibe-heler
1844 3182 2106 3227 Thielmann

305 3248 474 3293 Archiv
510 3250 612 3293 III
635 3258 717 3295 179
824 3252 878 3293 22
909 3252 1110 3306 valdius]
1144 3252 1350 3307 validius
1384 3254 1610 3306 (vielmehr
1637 3253 1856 3308 validius)
1889 3254 1950 3296 H
1983 3253 2105 3297 vali-

306 3319 410 3364 dius
440 3321 664 3365 Bic‘cheler
849 3324 906 3365 24
935 3323 1196 3368 martiolum
1226 3325 1286 3367 H
1308 3326 1372 3369 Io,
1397 3324 1568 3368 Sarisb.
1595 3325 1808 3382 policrat.
1844 3325 1931 3370 IV
1952 3332 1977 3368 5
2007 3326 2106 3368 Bia·-

306 3391 466 3435 cheler3
501 3394 782 3437 marceolum
815 3395 1033 3439 Biicheler
1063 3396 1100 3438 I
1131 3396 1384 3440 marculum
1415 3397 1568 3440 Isidor
1602 3396 1758 3456 Oriqq.
1790 3396 1931 3441 XVI
1955 3403 2055 3450 1636
