2418 3762
301 261 368 313 90
938 254 1066 300 Cena
1096 226 1465 301 Trimalchionis.
2135 285 2296 329 Biichel
2403 258 2405 274 =

298 374 518 467 ferculo]
564 398 738 451 altilia
778 403 831 451 et
868 396 1081 451 sumina
1117 397 1459 466 leporemque
1484 398 1540 452 in
1565 398 1741 452 medio
1767 397 1947 468 pinnis
1973 398 2102 451 sub-
2133 357 2231 456 ΗῙΞ
2248 343 2304 386 24

298 496 570 559 ornatum,
632 495 689 543 ut
738 491 977 558 Pegasus
1032 488 1319 543 videretur.
1394 493 1693 544 notavimus
1753 490 1914 544 etiam
1962 490 2103 544 circa

297 583 526 652 angulos
564 581 867 652 repositorii
905 580 1150 650 Marsyas
1188 585 1453 650 quattuor,
1498 598 1565 637 ex
1603 599 1825 651 quorum
1863 582 2105 636 utriculis

297 693 486 744 garum
534 676 836 744 piperatum
889 672 1137 727 currebat
1174 688 1336 744 super
1370 674 1572 745 pisces,
1596 725 1614 743 ,1
1626 675 1718 742 qui
1754 679 2010 756 tanquam
2048 675 2103 727 in

240 781 263 820 5
298 768 482 837 euripo
538 766 814 821 natabant.
896 765 1085 820 damus
1143 782 1327 821 omnes
1381 767 1631 836 plausum
1682 784 1717 820 a
1765 754 1972 820 familia
2017 767 2103 819 in-

296 864 510 930 ceptum
549 864 602 912 et
637 875 724 913 res
763 858 1119 912 electissimas
1156 858 1395 913 fidentes
1432 857 1796 929 aggredimur.
1858 876 1966 912 non
2002 858 2103 911 mi-

293 969 396 1006 nus
442 957 495 1006 et
533 951 860 1005 Trimalchio
913 950 1176 1005 eiusmodi
1219 951 1487 1006 methodio
1533 953 1709 1006 laetus
1755 945 1960 1020 ‘Carpe'
2016 950 2103 1004 in-

293 1045 422 1114 quit.
476 1043 735 1115 processit
772 1043 952 1098 statim
991 1043 1187 1098 scissor
1224 1050 1279 1098 et
1314 1044 1385 1098 ad
1411 1044 1785 1115 symphoniam
1812 1042 2103 1113 gesticula-

293 1142 380 1192 tus
417 1137 494 1191 ita
518 1136 778 1191 laceravit
804 1135 1099 1203 obsonium,
1144 1142 1205 1190 ut
1229 1142 1448 1207 putares
1477 1136 1809 1191 essedarium
1837 1136 2102 1206 hydraule

211 1242 262 1282 10
296 1235 549 1285 cantante
586 1246 848 1299 pugnare.
902 1229 1184 1298 ingerebat
1219 1229 1387 1283 nihilo
1418 1229 1593 1283 minus
1619 1229 1962 1296 Trimalchio
1982 1229 2103 1283 len-

292 1321 431 1388 tissi⁸
537 1338 697 1376 voce:
736 1317 950 1391 ‘Carpe‚
996 1317 1205 1392 Carpe'.
1276 1337 1377 1390 ego
1416 1321 1719 1391 suspicatus
1756 1321 1829 1375 ad
1864 1321 2103 1389 aliquam

292 1415 391 1469 urb
428 1431 485 1468 n1
509 1418 653 1469 atem
689 1413 886 1469 totiens
923 1415 1172 1468 iteratam
1208 1429 1394 1468 vocem
1431 1413 1718 1483 pertinere,
1767 1430 1875 1468 non
1912 1413 2103 1468 erubui

292 1523 414 1560 eum
461 1507 554 1575 qui
600 1523 765 1576 supra
814 1522 900 1560 me
946 1506 1321 1574 accumbebat,
1377 1505 1480 1559 hoc
1523 1505 1700 1574 ipsum
1750 1504 2094 1575 interrogare.

291 1605 347 1653 at
403 1599 525 1668 1116,
585 1599 679 1667 (1111
726 1598 942 1669 saepius
991 1597 1257 1653 eiusmodi
1305 1597 1463 1652 ludos
1515 1603 1878 1668 spectaverat,
1926 1592 2102 1653 ‘vides

209 1716 258 1757 15
291 1687 457 1745 illum'
510 1691 684 1760 inquit
730 1687 840 1760 ‘qui
890 1691 1170 1745 obsonium
1208 1691 1403 1762 carpit:
1463 1684 1671 1761 Carpus
1707 1695 1947 1745 vocatur.
2024 1691 2102 1745 ita

290 1783 708 1853 quotiescunque
765 1783 896 1838 dicit
939 1779 1213 1854 “Carpe''‚
1270 1783 1460 1838 eodem
1516 1784 1680 1838 verbo
1737 1789 1791 1838 et
1842 1789 1998 1838 vocat
2048 1789 2102 1839 et

288 1870 550 1947 imperat'.

206 1981 272 2032 37
433 1985 541 2024 non
577 1969 731 2040 potui
767 1968 996 2038 amplius
1041 1968 1330 2036 quicquam
1370 1973 1616 2037 gustare,
1677 1967 1774 2022 sed
1814 1984 2099 2023 conversus

290 2061 362 2114 ad
414 2078 564 2129 eum,
625 2068 685 2115 ut
729 2078 892 2130 quam
943 2060 1176 2130 plurima
1227 2061 1551 2131 exciperem,
1614 2060 1775 2128 longe
1821 2076 2099 2115 accersere

206 2163 260 2205 20
293 2152 508 2207 fabulas
558 2154 712 2224 coepi
760 2153 1142 2222 sciscitarique‚
1189 2169 1329 2221 quae
1369 2157 1515 2207 esset
1549 2151 1743 2206 mulier
1777 2152 1901 2221 illa,
1958 2169 2097 2220 quae

289 2245 396 2299 huc
442 2251 605 2314 atque
641 2246 774 2299 illuc
812 2245 1148 2299 discurreret.
1222 2239 1388 2300 ‘uxor'
1429 2245 1605 2315 inquit
1635 2239 2091 2314 ‘Trimalchionis‚

288 2338 584 2392 Fortunata
631 2338 968 2408 appellatur,
1029 2354 1169 2406 quae
1208 2353 1460 2400 vnummos
1507 2337 1685 2392 modio
1732 2337 1966 2391 metitur.
2046 2343 2173 2391 61ᾖ
2206 2338 2219 2395 ἶ

293 2429 467 2496 mod0,
514 2430 671 2484 modo
708 2430 839 2499 quid
877 2431 1007 2484 fuit?
1043 2430 1287 2499 ignoscet
1324 2430 1457 2484 mihi
1490 2431 1683 2500 genius
1706 2435 1849 2499 tuus,
1891 2430 2098 2484 noluis-

291 2537 378 2575 ses
419 2522 486 2575 de
524 2539 686 2576 manu
721 2523 867 2576 illius
905 2540 1103 2592 panem
1140 2524 1404 2591 accipere.
1483 2539 1649 2591 nunc,
1691 2538 1793 2576 nec
1828 2521 1962 2590 quid
1996 2538 2097 2576 nec

207 2627 259 2668 25
293 2631 475 2681 quare,
521 2615 578 2667 in
615 2615 825 2668 caelum
864 2615 996 2668 abiit
1035 2620 1089 2668 et
1126 2613 1543 2669 Trimalchionis
1587 2619 1809 2683 topanta
1846 2620 1946 2668 est.
2024 2614 2097 2667 ad

290 2721 571 2773 summam,
592 2703 759 2760 ‘mero
797 2707 1021 2760 meridie
1061 2707 1107 2759 si
1146 2706 1339 2761 dixerit
1385 2707 1468 2760 illi
1505 2707 1753 2760 tenebras
1791 2721 1929 2774 esse,
1975 2722 2094 2760 cre-
2125 2718 2337 2815 Bfi⁰h{⁵}

2176 2786 2219 2826 P·
2337 2791 2340 2794 ·

286 2915 631 2922 ———-———

403 3084 431 3124 4
461 3083 542 3139 (1111
572 3086 795 3139 tanquam
823 3082 874 3128 in
903 3082 1066 3140 euripo
1096 3083 1316 3128 Ba'cheler
1356 3083 1622 3142 quicunque
1651 3084 1703 3128 in
1732 3084 1896 3141 euripo
1924 3084 1985 3128 H
2014 3083 2094 3141 qui

289 3153 338 3197 in
368 3153 530 3211 euripo
564 3153 603 3196 L
720 3156 744 3196 5
775 3154 1011 3211 inceptum
1041 3154 1101 3198 H
1129 3157 1345 3211 coeptum
1374 3157 1417 3200 L
1548 3157 1573 3199 8
1603 3155 1913 3212 gesticulatus
1941 3156 2012 3199 ita
2039 3155 2100 3198 H

287 3224 360 3268 ita
389 3224 697 3280 gesticulatus
728 3225 772 3268 L
873 3226 925 3268 15
954 3225 1084 3270 illum
1114 3226 1268 3282 inquit
1299 3227 1360 3270 H
1383 3226 1534 3283 inquit
1562 3226 1694 3271 illum
1725 3226 1768 3270 L
1858 3226 1909 3267 15
1939 3224 2008 3271 ita
2040 3226 2102 3269 H

287 3292 448 3351 itaque
482 3296 521 3339 L
554 3296 795 3340 thchelerss
941 3297 993 3340 19
1024 3309 1162 3355 quam
1180 3296 1310 3355 fehlt
1338 3297 1387 3341 in
1418 3297 1462 3340 L
1625 3298 1679 3340 23
1709 3297 1852 3342 modo
1882 3311 1968 3341 nur
1997 3297 2093 3340 ein-

287 3365 381 3407 mal
410 3366 453 3408 L
569 3368 623 3409 24
653 3367 779 3412 illius
808 3369 863 3411 H
900 3367 1003 3425 ejus
1033 3368 1076 3412 L
