2418 3762
263 263 364 314 134
902 257 1030 304 Cena
1060 258 1433 305 Trimalchionis.
2101 290 2328 335 Buchelerss

2184 350 2267 391 ‚35

259 418 395 455 rare.
476 402 592 470 ipse
619 401 944 455 Trimalchio
972 417 1090 454 cum
1129 401 1367 470 graviter
1403 402 1760 471 ingemuisset
1798 420 2067 473 superque
2101 363 2179 462 ΗΡ

257 493 535 548 brachium
572 499 827 562 tanquam
864 493 1073 548 laesum
1109 494 1457 563 incubuisset,
1502 510 1813 549 concurrere
1851 496 2062 564 medici,

259 592 314 640 et
363 586 502 640 inter
550 586 749 656 primos
789 586 1087 639 Fortunata
1144 585 1380 640 crinibus
1436 588 1617 658 passis
1666 604 1786 642 cum
1839 589 2061 659 scypho,

258 679 614 747 miseramque
664 695 722 732 se
771 683 932 748 atque
982 676 1255 733 infelicem
1302 680 1674 750 proclamavit.
1768 699 1894 735 nam
1934 698 2070 751 puer

203 783 226 822 5
258 771 490 840 quidem,
535 770 628 840 qui
654 770 938 836 ceciderat,
968 771 1280 825 circumibat
1303 771 1410 826 iam
1438 772 1642 827 dudum
1667 774 1836 843 pedes
1860 781 2068 829 nostros

241 868 311 916 -et
348 862 658 918 missionem
694 864 940 933 rogabat.
1033 864 1267 933 pessime
1304 865 1434 917 mihi
1475 871 1605 934 erat,
1663 883 1732 920 ne
1770 867 1855 921 his
1893 868 2066 938 preci·
2410 929 2411 937 Ι

205 1014 212 1021 ,
254 955 356 1008 bus
394 971 492 1024 per
537 955 821 1010 ridiculum
873 955 1082 1025 aliquid
1132 957 1475 1026 catastropha
1525 964 1889 1027 quaereretur.
1969 977 2069 1014 nec
2099 953 2329 1053 Buchggerss

258 1047 402 1102 enim
428 1047 605 1102 adhuc
631 1047 908 1103 exciderat
934 1065 1091 1103 cocus
1128 1049 1240 1118 ille,
1280 1050 1374 1118 qui
1399 1050 1595 1104 oblitus
1634 1051 1812 1106 fuerat
1848 1069 2067 1122 porcum
2155 1027 2197 1065 P‘

257 1140 579 1195 exinterare.
669 1142 852 1210 itaque
905 1146 1070 1195 totum
1122 1142 1528 1211 circumspicere
1566 1143 1855 1197 triclinium
1894 1145 2061 1215 coepi,

173 1237 223 1279 10
254 1250 323 1287 ne
348 1249 445 1302 per
469 1234 726 1303 parietem
754 1240 1081 1288 automatum
1109 1235 1328 1303 aliquod
1355 1235 1541 1304 exiret,
1574 1236 1758 1303 utique
1783 1242 2067 1306 postquam

254 1341 444 1379 servus
497 1327 771 1381 verberari
821 1328 1011 1395 coepit,
1073 1327 1165 1394 qui
1209 1327 1486 1381 brachium
1538 1327 1741 1381 domini
1790 1334 2068 1383 contusum

252 1418 380 1471 alba
416 1419 595 1487 potius
627 1435 788 1486 quam
827 1419 1168 1488 conchyliata
1203 1420 1507 1474 involverat
1543 1421 1689 1474 lana.
1769 1437 1871 1475 nec
1907 1422 2069 1491 longe

251 1510 525 1564 aberravit
563 1511 798 1580 suspicio
836 1527 980 1577 mea3
1034 1512 1091 1565 in
1137 1513 1313 1566 vicem
1359 1513 1500 1567 enim
1538 1529 1746 1583 poenae
1783 1514 1933 1568 venit
1970 1515 2066 1570 de-

252 1606 453 1655 cretum
505 1602 944 1672 TrimalchioniS,
1010 1621 1113 1672 quo
1157 1622 1382 1675 puerum
1437 1606 1598 1660 iussit
1644 1606 1875 1660 liberum
1920 1624 2059 1676 esse,

169 1701 219 1741 15
250 1710 319 1748 ne
357 1695 477 1762 quis
525 1701 709 1764 posset
754 1697 959 1765 dicere,
1016 1703 1223 1752 tantum
1264 1698 1446 1752 ‘virum
1499 1696 1620 1753 esse
1657 1716 1692 1752 a
1739 1715 1895 1755 servo
1942 1701 2064 1754 vul-

249 1792 509 1840 neratum.

165 1874 231 1923 55
399 1880 403 1950 Ι
435 1881 838 1950 comprobamus
864 1871 962 1936 nOs
988 1882 1187 1937 factum
1211 1882 1217 1955 Ι
1247 1889 1302 1937 et
1644 1901 1807 1953 quam
1832 1884 1888 1938 in
1905 1902 2063 1955 prae-
2093 1890 2326 1949 HLOlH
2392 1880 2393 1883 ’

250 1971 401 2041 cipiti
436 1988 523 2027 res
559 1973 829 2028 humanae
862 1980 1060 2044 essent,
1100 1974 1108 2046 Ι
1140 1976 1291 2030 vario
1318 1992 1562 2031 sermone
1587 1976 1871 2046 garrimus.
1910 1977 1918 2048 Ι
1949 1974 2058 2032 ‘ita'
2097 1985 2324 2043 ΗΕΟΙΗ
2348 1998 2349 2001 ’
2395 1958 2405 2044 Ι

248 2063 422 2132 inquit
460 2065 787 2120 Trimalchio
822 2061 951 2120 cnon
999 2072 1206 2137 oportet
1250 2068 1394 2123 hunc
1440 2085 1624 2146 casum
1673 2070 1789 2124 sine
1835 2070 2063 2141 inscrip-
2395 2053 2398 2064 ’

169 2165 222 2206 20
254 2148 399 2210 tione
444 2152 690 2212 transire'
745 2159 1036 2227 statimque
1086 2160 1364 2215 codicillos
1415 2161 1662 2232 poposcit
1714 2167 1768 2216 et
1813 2179 1920 2216 non
1970 2163 2063 2217 diu

253 2249 575 2317 cogitatione
613 2249 837 2305 distorta
873 2251 1009 2305 haec
1045 2252 1318 2307 recitavit:

426 2447 428 2449 ‚
461 2370 468 2441 Ι
497 2365 664 2439 ‘quod
700 2389 807 2427 non
846 2378 1114 2442 expectes,
1161 2391 1228 2428 ex
1264 2381 1570 2446 transverso
1608 2376 1837 2431 fito..-
2093 2382 2188 2427 HL

450 2486 454 2489 ·
508 2495 544 2500 -
570 2470 622 2518 et
660 2481 825 2534 supra
861 2481 958 2519 nos
996 2466 1235 2520 Fortuna
1271 2469 1489 2536 negotia
1527 2475 1694 2523 curat.

495 2556 503 2627 Ι
536 2573 705 2627 quare
744 2557 815 2611 da
851 2558 1007 2612 nobis
1045 2558 1174 2613 vina
1211 2560 1460 2630 Falerna,
1505 2557 1685 2630 puer.³
2065 2569 2126 2611 H

366 2886 389 2925 7
420 2896 504 2941 per
534 2884 781 2930 ridiculum
812 2885 992 2943 aliquid
1021 2886 1260 2931 Buchelerss
1297 2888 1507 2944 periculo
1540 2889 1719 2945 aliquid
1750 2890 1807 2933 Η
1846 2889 2059 2947 periculo

248 2959 412 3001 nostro
443 2955 625 3013 aliquid
656 2955 987 3013 catastrophae
1018 2958 1240 3002 Bucheler
1270 2960 1302 3002 Ι
1444 2961 1495 3002 13
1526 2973 1710 3016 poenae
1743 2959 2060 3005 Hadrianides

249 3027 469 3071 Heinsius
509 3039 654 3072 cenae
685 3027 745 3069 H
829 3020 1437 3090 15'vulneratum'1Sehqffer
1467 3030 1690 3076 Heinsius
1725 3031 1975 3078 liberatum
2005 3032 2068 3076 H

251 3099 318 3151 17,
347 3100 398 3141 18
442 3097 796 3156 comprobamus
834 3097 1013 3145 factum
1051 3100 1278 3158 varioque
1319 3114 1531 3148 sermone
1560 3103 1791 3160 garrimus
1821 3104 1922 3148 LO.
1983 3103 2058 3146 Im

253 3168 463 3226 Oriyinal
481 3171 633 3231 solyte
663 3172 787 3217 dann
816 3177 930 3218 etwa
961 3177 1010 3218 et
1038 3173 1272 3218 recordati
1302 3186 1441 3229 quam
1472 3174 1580 3219 oder
1610 3179 1660 3220 et
1679 3188 1784 3220 cum
1803 3172 2058 3231 Agamem-

249 3252 343 3284 non
373 3254 641 3305 expromere
673 3245 908 3301 coepisset
939 3257 1077 3301 quam
1106 3243 1341 3288 Buchelerss
1392 3288 1394 3291 ,
1457 3247 1512 3289 22
1545 3249 1765 3303 expectes
1795 3247 1857 3290 H
1888 3257 2056 3301 expec-

247 3313 324 3354 tas
355 3311 397 3353 L
437 3328 509 3356 am
539 3315 666 3359 Ende
695 3315 855 3373 ubique
886 3315 1107 3361 Heinsius
1238 3317 1292 3359 23
1325 3332 1399 3360 am
1427 3318 1623 3375 Ansanq
1651 3322 1805 3362 nostra
1834 3316 2056 3361 Heinsius

249 3394 391 3437 supra
419 3384 638 3430 Heinsius
675 3399 815 3442 super
847 3387 945 3431 HL
1415 3406 1419 3409 ’
1541 3391 1544 3394 ’
