<?xml version="1.0" encoding="UTF-8"?>
<!DOCTYPE html PUBLIC "-//W3C//DTD XHTML 1.0 Transitional//EN"
    "http://www.w3.org/TR/xhtml1/DTD/xhtml1-transitional.dtd">
<html xmlns="http://www.w3.org/1999/xhtml" xml:lang="en" lang="en">
 <head>
  <title>
</title>
<meta http-equiv="Content-Type" content="text/html;charset=utf-8" />
  <meta name='ocr-system' content='tesseract 3.04.00' />
  <meta name='ocr-capabilities' content='ocr_page ocr_carea ocr_par ocr_line ocrx_word'/>
</head>
<body>
  <div class='ocr_page' id='page_1' title='image "./petroniicenatrim00petruoft_0246.png"; bbox 0 0 2418 3762; ppageno 0'>
   <div class='ocr_carea' id='block_1_1' title="bbox 345 258 1524 315">
    <p class='ocr_par' dir='ltr' id='par_1_1' title="bbox 345 258 1524 315">
     <span class='ocr_line' id='line_1_1' title="bbox 345 258 1524 315; baseline -0.004 -7"><span class='ocrx_word' id='word_1_1' title='bbox 345 261 449 314; x_wconf 86' lang='lat'><strong>236</strong></span> <span class='ocrx_word' id='word_1_2' title='bbox 970 258 1338 315; x_wconf 87' lang='lat' dir='ltr'><strong>Anmerkungen</strong></span> <span class='ocrx_word' id='word_1_3' title='bbox 1367 272 1426 304; x_wconf 85' lang='lat' dir='ltr'><strong>zu</strong></span> <span class='ocrx_word' id='word_1_4' title='bbox 1455 261 1524 304; x_wconf 83' lang='lat'><strong>43.</strong></span> 
     </span>
    </p>
   </div>
   <div class='ocr_carea' id='block_1_2' title="bbox 335 398 2152 3448">
    <p class='ocr_par' dir='ltr' id='par_1_2' title="bbox 343 398 2150 674">
     <span class='ocr_line' id='line_1_2' title="bbox 460 398 2150 457; baseline 0.004 -13"><span class='ocrx_word' id='word_1_5' title='bbox 460 398 645 445; x_wconf 85' lang='lat' dir='ltr'><strong>malam</strong></span> <span class='ocrx_word' id='word_1_6' title='bbox 673 410 880 455; x_wconf 85' lang='lat' dir='ltr'><strong>parram</strong></span> <span class='ocrx_word' id='word_1_7' title='bbox 910 400 1113 457; x_wconf 85' lang='lat' dir='ltr'><strong>pilavit.</strong></span> <span class='ocrx_word' id='word_1_8' title='bbox 1162 403 1281 447; x_wconf 88' lang='lat' dir='ltr'><strong>Eine</strong></span> <span class='ocrx_word' id='word_1_9' title='bbox 1318 402 1408 447; x_wconf 88' lang='lat' dir='ltr'><strong>wie</strong></span> <span class='ocrx_word' id='word_1_10' title='bbox 1438 415 1490 449; x_wconf 86' lang='lat' dir='ltr'><strong>es</strong></span> <span class='ocrx_word' id='word_1_11' title='bbox 1519 403 1703 448; x_wconf 89' lang='lat' dir='ltr'><strong>scheint</strong></span> <span class='ocrx_word' id='word_1_12' title='bbox 1738 405 1823 448; x_wconf 89' lang='lat' dir='ltr'><strong>mit</strong></span> <span class='ocrx_word' id='word_1_13' title='bbox 1853 404 1958 448; x_wconf 90' lang='lat' dir='ltr'><strong>dem</strong></span> <span class='ocrx_word' id='word_1_14' title='bbox 1977 404 2150 451; x_wconf 86' lang='lat' dir='ltr'><strong>Volks-</strong></span> 
     </span>
     <span class='ocr_line' id='line_1_3' title="bbox 343 472 2147 531; baseline 0.001 -14"><span class='ocrx_word' id='word_1_15' title='bbox 343 473 573 530; x_wconf 81' lang='lat' dir='ltr'><strong>glauben,</strong></span> <span class='ocrx_word' id='word_1_16' title='bbox 617 472 726 518; x_wconf 88' lang='lat' dir='ltr'><strong>dass</strong></span> <span class='ocrx_word' id='word_1_17' title='bbox 766 472 842 518; x_wconf 91' lang='lat' dir='ltr'><strong>die</strong></span> <span class='ocrx_word' id='word_1_18' title='bbox 883 485 1024 529; x_wconf 90' lang='lat' dir='ltr'><strong>parra</strong></span> <span class='ocrx_word' id='word_1_19' title='bbox 1065 473 1141 517; x_wconf 90' lang='lat' dir='ltr'><strong>ein</strong></span> <span class='ocrx_word' id='word_1_20' title='bbox 1179 473 1318 519; x_wconf 72' lang='lat' dir='ltr'><strong>boses</strong></span> <span class='ocrx_word' id='word_1_21' title='bbox 1350 472 1494 519; x_wconf 90' lang='lat' dir='ltr'><strong>Omen</strong></span> <span class='ocrx_word' id='word_1_22' title='bbox 1534 475 1603 520; x_wconf 90' lang='lat' dir='ltr'><strong>sei</strong></span> <span class='ocrx_word' id='word_1_23' title='bbox 1636 474 1811 528; x_wconf 79' lang='lat' dir='ltr'><strong>(Horat.</strong></span> <span class='ocrx_word' id='word_1_24' title='bbox 1843 473 1895 518; x_wconf 86' lang='lat' dir='ltr'><strong>C.</strong></span> <span class='ocrx_word' id='word_1_25' title='bbox 1930 474 2002 519; x_wconf 95' lang='lat' dir='ltr'><strong>III</strong></span> <span class='ocrx_word' id='word_1_26' title='bbox 2032 477 2147 531; x_wconf 85' lang='lat'>27‚1)</span> 
     </span>
     <span class='ocr_line' id='line_1_4' title="bbox 343 543 2149 603; baseline 0.002 -14"><span class='ocrx_word' id='word_1_27' title='bbox 343 544 854 599; x_wconf 68' lang='lat' dir='ltr'><strong>zusammenhiingende</strong></span> <span class='ocrx_word' id='word_1_28' title='bbox 894 544 1164 588; x_wconf 89' lang='lat' dir='ltr'><strong>Redensart</strong></span> <span class='ocrx_word' id='word_1_29' title='bbox 1202 543 1278 589; x_wconf 80' lang='lat' dir='ltr'><strong>fiir</strong></span> <span class='ocrx_word' id='word_1_30' title='bbox 1323 544 1556 603; x_wconf 84' lang='lat' dir='ltr'><strong>‘Ungliick</strong></span> <span class='ocrx_word' id='word_1_31' title='bbox 1596 547 1774 591; x_wconf 88' lang='lat' dir='ltr'><strong>haben’.</strong></span> <span class='ocrx_word' id='word_1_32' title='bbox 1834 546 1872 590; x_wconf 95' lang='lat' dir='ltr'>P</span> <span class='ocrx_word' id='word_1_33' title='bbox 1902 547 1969 591; x_wconf 93' lang='lat' dir='ltr'><strong>Zu</strong></span> <span class='ocrx_word' id='word_1_34' title='bbox 2001 547 2047 591; x_wconf 92' lang='lat' dir='ltr'><strong>d.</strong></span> <span class='ocrx_word' id='word_1_35' title='bbox 2082 548 2149 592; x_wconf 83' lang='lat' dir='ltr'><strong>la-</strong></span> 
     </span>
     <span class='ocr_line' id='line_1_5' title="bbox 346 613 1594 674; baseline -0.001 -11"><span class='ocrx_word' id='word_1_36' title='bbox 346 617 461 663; x_wconf 83' lang='lat' dir='ltr'><strong>tein.</strong></span> <span class='ocrx_word' id='word_1_37' title='bbox 496 614 720 671; x_wconf 87' lang='lat' dir='ltr'><strong>Sprichw.</strong></span> <span class='ocrx_word' id='word_1_38' title='bbox 756 613 933 660; x_wconf 81' lang='lat' dir='ltr'><strong>Archiv</strong></span> <span class='ocrx_word' id='word_1_39' title='bbox 963 614 1033 659; x_wconf 92' lang='lat' dir='ltr'><strong>III</strong></span> <span class='ocrx_word' id='word_1_40' title='bbox 1065 616 1133 659; x_wconf 86' lang='lat'><strong>67.</strong></span> <span class='ocrx_word' id='word_1_41' title='bbox 1165 614 1277 660; x_wconf 91' lang='lat' dir='ltr'><strong>Otto</strong></span> <span class='ocrx_word' id='word_1_42' title='bbox 1309 614 1407 672; x_wconf 88' lang='lat' dir='ltr'><strong>Spr.</strong></span> <span class='ocrx_word' id='word_1_43' title='bbox 1440 630 1594 674; x_wconf 88' lang='lat' dir='ltr'><strong>parra.</strong></span> 
     </span>
    </p>

    <p class='ocr_par' dir='ltr' id='par_1_3' title="bbox 340 684 2149 946">
     <span class='ocr_line' id='line_1_6' title="bbox 459 684 2147 744; baseline 0.002 -14"><span class='ocrx_word' id='word_1_44' title='bbox 459 684 819 741; x_wconf 65' lang='lat' dir='ltr'><strong>hereditatem}</strong></span> <span class='ocrx_word' id='word_1_45' title='bbox 859 695 922 729; x_wconf 87' lang='lat' dir='ltr'><strong>ex</strong></span> <span class='ocrx_word' id='word_1_46' title='bbox 959 695 1058 740; x_wconf 86' lang='lat' dir='ltr'><strong>qua</strong></span> <span class='ocrx_word' id='word_1_47' title='bbox 1096 684 1213 742; x_wconf 89' lang='lat' dir='ltr'><strong>plus</strong></span> <span class='ocrx_word' id='word_1_48' title='bbox 1249 686 1495 734; x_wconf 79' lang='lat' dir='ltr'><strong>involavit</strong></span> <span class='ocrx_word' id='word_1_49' title='bbox 1524 698 1675 744; x_wconf 78' lang='lat' dir='ltr'><strong>quam</strong></span> <span class='ocrx_word' id='word_1_50' title='bbox 1705 688 1752 732; x_wconf 88' lang='lat' dir='ltr'><strong>ei</strong></span> <span class='ocrx_word' id='word_1_51' title='bbox 1781 686 2020 734; x_wconf 86' lang='lat' dir='ltr'><strong>relictum</strong></span> <span class='ocrx_word' id='word_1_52' title='bbox 2050 689 2147 734; x_wconf 88' lang='lat' dir='ltr'><strong>est.</strong></span> 
     </span>
     <span class='ocr_line' id='line_1_7' title="bbox 344 758 2149 819; baseline 0.002 -17"><span class='ocrx_word' id='word_1_53' title='bbox 344 760 398 802; x_wconf 87' lang='lat'><strong>58</strong></span> <span class='ocrx_word' id='word_1_54' title='bbox 431 758 596 803; x_wconf 83' lang='lat' dir='ltr'><strong>anulos</strong></span> <span class='ocrx_word' id='word_1_55' title='bbox 615 781 676 789; x_wconf 89' lang='lat'>—</span> <span class='ocrx_word' id='word_1_56' title='bbox 696 770 813 815; x_wconf 85' lang='lat' dir='ltr'><strong>quos</strong></span> <span class='ocrx_word' id='word_1_57' title='bbox 844 758 1022 802; x_wconf 81' lang='lat' dir='ltr'>amicae</span> <span class='ocrx_word' id='word_1_58' title='bbox 1042 760 1153 803; x_wconf 89' lang='lat' dir='ltr'><strong>tuae</strong></span> <span class='ocrx_word' id='word_1_59' title='bbox 1184 760 1406 806; x_wconf 84' lang='lat' dir='ltr'><strong>involasti</strong></span> <span class='ocrx_word' id='word_1_60' title='bbox 1437 763 1490 804; x_wconf 90' lang='lat'><strong>63</strong></span> <span class='ocrx_word' id='word_1_61' title='bbox 1516 760 1615 819; x_wconf 88' lang='lat' dir='ltr'><strong>jam</strong></span> <span class='ocrx_word' id='word_1_62' title='bbox 1644 773 1837 817; x_wconf 92' lang='lat' dir='ltr'><strong>puerum</strong></span> <span class='ocrx_word' id='word_1_63' title='bbox 1869 761 2043 817; x_wconf 81' lang='lat' dir='ltr'><strong>strigae</strong></span> <span class='ocrx_word' id='word_1_64' title='bbox 2075 761 2149 805; x_wconf 89' lang='lat' dir='ltr'><strong>in-</strong></span> 
     </span>
     <span class='ocr_line' id='line_1_8' title="bbox 341 828 2146 889; baseline 0 -13"><span class='ocrx_word' id='word_1_65' title='bbox 341 830 619 876; x_wconf 82' lang='lat' dir='ltr'><strong>volaverant</strong></span> <span class='ocrx_word' id='word_1_66' title='bbox 650 828 826 875; x_wconf 87' lang='lat' dir='ltr'><strong>Catull.</strong></span> <span class='ocrx_word' id='word_1_67' title='bbox 851 830 953 881; x_wconf 85' lang='lat'>25‚6</span> <span class='ocrx_word' id='word_1_68' title='bbox 984 831 1173 875; x_wconf 83' lang='lat' dir='ltr'><strong>remitte</strong></span> <span class='ocrx_word' id='word_1_69' title='bbox 1203 831 1396 887; x_wconf 89' lang='lat' dir='ltr'><strong>pallium</strong></span> <span class='ocrx_word' id='word_1_70' title='bbox 1425 845 1578 877; x_wconf 92' lang='lat' dir='ltr'><strong>meum</strong></span> <span class='ocrx_word' id='word_1_71' title='bbox 1607 832 1721 877; x_wconf 91' lang='lat' dir='ltr'><strong>mihi</strong></span> <span class='ocrx_word' id='word_1_72' title='bbox 1752 832 1878 889; x_wconf 92' lang='lat' dir='ltr'><strong>quod</strong></span> <span class='ocrx_word' id='word_1_73' title='bbox 1907 832 2146 878; x_wconf 81' lang='lat' dir='ltr'><strong>involasti.</strong></span> 
     </span>
     <span class='ocr_line' id='line_1_9' title="bbox 340 900 661 946; baseline -0.012 0"><span class='ocrx_word' id='word_1_74' title='bbox 340 900 531 946; x_wconf 67' lang='lat' dir='ltr'><strong>Ronsch</strong></span> <span class='ocrx_word' id='word_1_75' title='bbox 563 902 661 943; x_wconf 83' lang='lat'><strong>372.</strong></span> 
     </span>
    </p>

    <p class='ocr_par' dir='ltr' id='par_1_4' title="bbox 340 970 2152 1530">
     <span class='ocr_line' id='line_1_10' title="bbox 457 970 2150 1032; baseline 0.001 -15"><span class='ocrx_word' id='word_1_76' title='bbox 457 971 587 1027; x_wconf 83' lang='lat' dir='ltr'><strong>stips</strong></span> <span class='ocrx_word' id='word_1_77' title='bbox 628 970 702 1016; x_wconf 85' lang='lat' dir='ltr'><strong>fiir</strong></span> <span class='ocrx_word' id='word_1_78' title='bbox 741 973 889 1029; x_wconf 90' lang='lat' dir='ltr'><strong>stipes</strong></span> <span class='ocrx_word' id='word_1_79' title='bbox 929 971 1129 1028; x_wconf 85' lang='lat' dir='ltr'><strong>Ludwig</strong></span> <span class='ocrx_word' id='word_1_80' title='bbox 1158 974 1210 1015; x_wconf 88' lang='lat'><strong>21</strong></span> <span class='ocrx_word' id='word_1_81' title='bbox 1253 973 1488 1019; x_wconf 85' lang='lat' dir='ltr'><strong>Guericke</strong></span> <span class='ocrx_word' id='word_1_82' title='bbox 1531 975 1582 1016; x_wconf 90' lang='lat'><strong>15</strong></span> <span class='ocrx_word' id='word_1_83' title='bbox 1614 987 1685 1031; x_wconf 90' lang='lat' dir='ltr'><strong>sq.</strong></span> <span class='ocrx_word' id='word_1_84' title='bbox 1747 973 1904 1032; x_wconf 85' lang='lat' dir='ltr'><strong>Stipes</strong></span> <span class='ocrx_word' id='word_1_85' title='bbox 1941 973 2031 1019; x_wconf 88' lang='lat' dir='ltr'><strong>wie</strong></span> <span class='ocrx_word' id='word_1_86' title='bbox 2073 987 2150 1019; x_wconf 90' lang='lat' dir='ltr'><strong>co-</strong></span> 
     </span>
     <span class='ocr_line' id='line_1_11' title="bbox 346 1043 2152 1103; baseline 0.001 -14"><span class='ocrx_word' id='word_1_87' title='bbox 346 1044 449 1089; x_wconf 72' lang='lat' dir='ltr'><strong>dex‘</strong></span> <span class='ocrx_word' id='word_1_88' title='bbox 472 1044 674 1098; x_wconf 89' lang='lat' dir='ltr'><strong>(Petron.</strong></span> <span class='ocrx_word' id='word_1_89' title='bbox 710 1045 778 1096; x_wconf 85' lang='lat'><strong>74)</strong></span> <span class='ocrx_word' id='word_1_90' title='bbox 821 1044 916 1088; x_wconf 90' lang='lat' dir='ltr'><strong>und</strong></span> <span class='ocrx_word' id='word_1_91' title='bbox 953 1047 1147 1089; x_wconf 91' lang='lat' dir='ltr'><strong>truncus</strong></span> <span class='ocrx_word' id='word_1_92' title='bbox 1196 1045 1327 1099; x_wconf 91' lang='lat' dir='ltr'><strong>(auch</strong></span> <span class='ocrx_word' id='word_1_93' title='bbox 1367 1043 1462 1089; x_wconf 88' lang='lat' dir='ltr'><strong>Cic.</strong></span> <span class='ocrx_word' id='word_1_94' title='bbox 1493 1046 1580 1091; x_wconf 88' lang='lat' dir='ltr'><strong>ND</strong></span> <span class='ocrx_word' id='word_1_95' title='bbox 1611 1045 1634 1088; x_wconf 94' lang='lat' dir='ltr'>I</span> <span class='ocrx_word' id='word_1_96' title='bbox 1665 1047 1796 1097; x_wconf 83' lang='lat'>30‚84</span> <span class='ocrx_word' id='word_1_97' title='bbox 1834 1058 1955 1103; x_wconf 85' lang='lat' dir='ltr'><strong>quae</strong></span> <span class='ocrx_word' id='word_1_98' title='bbox 1991 1049 2152 1103; x_wconf 90' lang='lat' dir='ltr'><strong>potest</strong></span> 
     </span>
     <span class='ocr_line' id='line_1_12' title="bbox 349 1114 2151 1172; baseline 0 -10"><span class='ocrx_word' id='word_1_99' title='bbox 349 1128 454 1162; x_wconf 90' lang='lat' dir='ltr'><strong>esse</strong></span> <span class='ocrx_word' id='word_1_100' title='bbox 485 1117 534 1160; x_wconf 90' lang='lat' dir='ltr'><strong>in</strong></span> <span class='ocrx_word' id='word_1_101' title='bbox 566 1114 797 1172; x_wconf 75' lang='lat' dir='ltr'><strong>eiusmodi</strong></span> <span class='ocrx_word' id='word_1_102' title='bbox 827 1119 991 1160; x_wconf 90' lang='lat' dir='ltr'><strong>trunco</strong></span> <span class='ocrx_word' id='word_1_103' title='bbox 1022 1116 1253 1172; x_wconf 85' lang='lat' dir='ltr'><strong>sapientia</strong></span> <span class='ocrx_word' id='word_1_104' title='bbox 1264 1119 1298 1170; x_wconf 71' lang='lat'><strong>⁶2)</strong></span> <span class='ocrx_word' id='word_1_105' title='bbox 1343 1116 1532 1162; x_wconf 89' lang='lat' dir='ltr'><strong>Terent.</strong></span> <span class='ocrx_word' id='word_1_106' title='bbox 1566 1117 1706 1162; x_wconf 88' lang='lat' dir='ltr'><strong>Haut.</strong></span> <span class='ocrx_word' id='word_1_107' title='bbox 1737 1118 1819 1159; x_wconf 88' lang='lat'><strong>877</strong></span> <span class='ocrx_word' id='word_1_108' title='bbox 1861 1118 1989 1172; x_wconf 82' lang='lat' dir='ltr'><strong>Quae</strong></span> <span class='ocrx_word' id='word_1_109' title='bbox 2020 1118 2151 1162; x_wconf 91' lang='lat' dir='ltr'><strong>dicta</strong></span> 
     </span>
     <span class='ocr_line' id='line_1_13' title="bbox 342 1186 2147 1244; baseline 0.001 -12"><span class='ocrx_word' id='word_1_110' title='bbox 342 1191 453 1233; x_wconf 90' lang='lat' dir='ltr'><strong>sunt</strong></span> <span class='ocrx_word' id='word_1_111' title='bbox 492 1188 541 1232; x_wconf 93' lang='lat' dir='ltr'><strong>in</strong></span> <span class='ocrx_word' id='word_1_112' title='bbox 579 1186 751 1231; x_wconf 87' lang='lat' dir='ltr'><strong>stulto:</strong></span> <span class='ocrx_word' id='word_1_113' title='bbox 797 1188 1007 1239; x_wconf 80' lang='lat' dir='ltr'><strong>caudex,</strong></span> <span class='ocrx_word' id='word_1_114' title='bbox 1049 1188 1231 1240; x_wconf 77' lang='lat' dir='ltr'><strong>asinuS‚</strong></span> <span class='ocrx_word' id='word_1_115' title='bbox 1274 1188 1421 1243; x_wconf 89' lang='lat' dir='ltr'><strong>stipes</strong></span> <span class='ocrx_word' id='word_1_116' title='bbox 1462 1188 1726 1244; x_wconf 88' lang='lat' dir='ltr'><strong>plumbeus.</strong></span> <span class='ocrx_word' id='word_1_117' title='bbox 1771 1186 1869 1232; x_wconf 83' lang='lat' dir='ltr'><strong>Cic.</strong></span> <span class='ocrx_word' id='word_1_118' title='bbox 1903 1189 1959 1232; x_wconf 92' lang='lat' dir='ltr'><strong>In</strong></span> <span class='ocrx_word' id='word_1_119' title='bbox 1987 1188 2147 1234; x_wconf 88' lang='lat' dir='ltr'><strong>Pison.</strong></span> 
     </span>
     <span class='ocr_line' id='line_1_14' title="bbox 342 1259 2149 1318; baseline 0.001 -15"><span class='ocrx_word' id='word_1_120' title='bbox 342 1261 442 1314; x_wconf 88' lang='lat'><strong>9,19</strong></span> <span class='ocrx_word' id='word_1_121' title='bbox 473 1259 559 1304; x_wconf 90' lang='lat' dir='ltr'><strong>sed</strong></span> <span class='ocrx_word' id='word_1_122' title='bbox 591 1259 670 1316; x_wconf 89' lang='lat' dir='ltr'><strong>qui</strong></span> <span class='ocrx_word' id='word_1_123' title='bbox 700 1263 921 1316; x_wconf 89' lang='lat' dir='ltr'><strong>tanquam</strong></span> <span class='ocrx_word' id='word_1_124' title='bbox 952 1263 1146 1303; x_wconf 88' lang='lat' dir='ltr'><strong>truncus</strong></span> <span class='ocrx_word' id='word_1_125' title='bbox 1177 1264 1318 1317; x_wconf 88' lang='lat' dir='ltr'><strong>atque</strong></span> <span class='ocrx_word' id='word_1_126' title='bbox 1350 1260 1512 1316; x_wconf 89' lang='lat' dir='ltr'><strong>stipes,</strong></span> <span class='ocrx_word' id='word_1_127' title='bbox 1545 1260 1586 1303; x_wconf 91' lang='lat' dir='ltr'><strong>si</strong></span> <span class='ocrx_word' id='word_1_128' title='bbox 1614 1260 1830 1305; x_wconf 88' lang='lat' dir='ltr'><strong>stetisset</strong></span> <span class='ocrx_word' id='word_1_129' title='bbox 1847 1262 2002 1312; x_wconf 93' lang='lat' dir='ltr'><strong>modo,</strong></span> <span class='ocrx_word' id='word_1_130' title='bbox 2036 1274 2149 1318; x_wconf 89' lang='lat' dir='ltr'><strong>pos-</strong></span> 
     </span>
     <span class='ocr_line' id='line_1_15' title="bbox 343 1329 2150 1388; baseline 0.001 -12"><span class='ocrx_word' id='word_1_131' title='bbox 343 1334 416 1377; x_wconf 88' lang='lat' dir='ltr'><strong>set</strong></span> <span class='ocrx_word' id='word_1_132' title='bbox 457 1330 688 1374; x_wconf 86' lang='lat' dir='ltr'><strong>sustinere</strong></span> <span class='ocrx_word' id='word_1_133' title='bbox 725 1333 883 1374; x_wconf 89' lang='lat' dir='ltr'><strong>tamen</strong></span> <span class='ocrx_word' id='word_1_134' title='bbox 920 1329 1106 1373; x_wconf 90' lang='lat' dir='ltr'><strong>titulum</strong></span> <span class='ocrx_word' id='word_1_135' title='bbox 1138 1331 1422 1374; x_wconf 88' lang='lat' dir='ltr'><strong>consulatus.</strong></span> <span class='ocrx_word' id='word_1_136' title='bbox 1471 1330 1543 1375; x_wconf 93' lang='lat' dir='ltr'><strong>De</strong></span> <span class='ocrx_word' id='word_1_137' title='bbox 1574 1331 1762 1388; x_wconf 91' lang='lat' dir='ltr'><strong>harusp.</strong></span> <span class='ocrx_word' id='word_1_138' title='bbox 1796 1345 1922 1387; x_wconf 88' lang='lat' dir='ltr'><strong>resp.</strong></span> <span class='ocrx_word' id='word_1_139' title='bbox 1957 1333 2030 1384; x_wconf 88' lang='lat'><strong>3‚5</strong></span> <span class='ocrx_word' id='word_1_140' title='bbox 2061 1333 2150 1377; x_wconf 92' lang='lat' dir='ltr'><strong>sti-</strong></span> 
     </span>
     <span class='ocr_line' id='line_1_16' title="bbox 340 1401 2150 1460; baseline 0 -12"><span class='ocrx_word' id='word_1_141' title='bbox 340 1403 487 1460; x_wconf 89' lang='lat' dir='ltr'><strong>pitem</strong></span> <span class='ocrx_word' id='word_1_142' title='bbox 526 1403 670 1445; x_wconf 92' lang='lat' dir='ltr'><strong>illum.</strong></span> <span class='ocrx_word' id='word_1_143' title='bbox 721 1402 837 1444; x_wconf 90' lang='lat' dir='ltr'><strong>Post</strong></span> <span class='ocrx_word' id='word_1_144' title='bbox 876 1402 975 1445; x_wconf 93' lang='lat' dir='ltr'><strong>red.</strong></span> <span class='ocrx_word' id='word_1_145' title='bbox 1023 1401 1072 1444; x_wconf 93' lang='lat' dir='ltr'><strong>in</strong></span> <span class='ocrx_word' id='word_1_146' title='bbox 1111 1404 1259 1445; x_wconf 89' lang='lat' dir='ltr'><strong>senat.</strong></span> <span class='ocrx_word' id='word_1_147' title='bbox 1302 1403 1403 1454; x_wconf 86' lang='grc'><strong>6,14</strong></span> <span class='ocrx_word' id='word_1_148' title='bbox 1443 1401 1560 1446; x_wconf 86' lang='lat' dir='ltr'><strong>Cum</strong></span> <span class='ocrx_word' id='word_1_149' title='bbox 1598 1402 1687 1446; x_wconf 90' lang='lat' dir='ltr'><strong>hoc</strong></span> <span class='ocrx_word' id='word_1_150' title='bbox 1728 1401 1913 1447; x_wconf 87' lang='lat' dir='ltr'><strong>homine</strong></span> <span class='ocrx_word' id='word_1_151' title='bbox 1950 1416 2012 1448; x_wconf 91' lang='lat' dir='ltr'><strong>an</strong></span> <span class='ocrx_word' id='word_1_152' title='bbox 2044 1416 2150 1448; x_wconf 91' lang='lat' dir='ltr'><strong>cum</strong></span> 
     </span>
     <span class='ocr_line' id='line_1_17' title="bbox 343 1471 1507 1530; baseline -0.002 -11"><span class='ocrx_word' id='word_1_153' title='bbox 343 1474 517 1530; x_wconf 87' lang='lat' dir='ltr'><strong>stipite.</strong></span> <span class='ocrx_word' id='word_1_154' title='bbox 565 1472 674 1517; x_wconf 82' lang='lat' dir='ltr'><strong>Otto</strong></span> <span class='ocrx_word' id='word_1_155' title='bbox 704 1471 882 1516; x_wconf 81' lang='lat' dir='ltr'><strong>Archiv</strong></span> <span class='ocrx_word' id='word_1_156' title='bbox 912 1471 981 1517; x_wconf 94' lang='lat' dir='ltr'><strong>IV</strong></span> <span class='ocrx_word' id='word_1_157' title='bbox 1015 1473 1098 1520; x_wconf 82' lang='grc' dir='ltr'><strong>190Ι</strong></span> <span class='ocrx_word' id='word_1_158' title='bbox 1129 1491 1181 1509; x_wconf 93' lang='lat'><strong><em>=</em></strong></span> <span class='ocrx_word' id='word_1_159' title='bbox 1214 1471 1315 1529; x_wconf 90' lang='lat' dir='ltr'><strong>Spr.</strong></span> <span class='ocrx_word' id='word_1_160' title='bbox 1347 1473 1507 1530; x_wconf 87' lang='lat' dir='ltr'><strong>stipes.</strong></span> 
     </span>
    </p>

    <p class='ocr_par' dir='ltr' id='par_1_5' title="bbox 338 1541 2148 2384">
     <span class='ocr_line' id='line_1_18' title="bbox 454 1541 2142 1599; baseline 0.001 -11"><span class='ocrx_word' id='word_1_161' title='bbox 454 1543 623 1588; x_wconf 90' lang='lat' dir='ltr'><strong>nescio</strong></span> <span class='ocrx_word' id='word_1_162' title='bbox 664 1543 746 1587; x_wconf 94' lang='lat' dir='ltr'><strong>cui</strong></span> <span class='ocrx_word' id='word_1_163' title='bbox 784 1542 957 1586; x_wconf 88' lang='lat' dir='ltr'><strong>terrae</strong></span> <span class='ocrx_word' id='word_1_164' title='bbox 995 1541 1104 1588; x_wconf 89' lang='lat' dir='ltr'><strong>fllio</strong></span> <span class='ocrx_word' id='word_1_165' title='bbox 1143 1542 1506 1599; x_wconf 82' lang='lat' dir='ltr'><strong>patrimonium</strong></span> <span class='ocrx_word' id='word_1_166' title='bbox 1540 1543 1779 1599; x_wconf 85' lang='lat' dir='ltr'><strong>elegavit.</strong></span> <span class='ocrx_word' id='word_1_167' title='bbox 1838 1546 2009 1591; x_wconf 84' lang='lat' dir='ltr'><strong>Minue.</strong></span> <span class='ocrx_word' id='word_1_168' title='bbox 2043 1546 2142 1591; x_wconf 87' lang='lat' dir='ltr'><strong>Fel.</strong></span> 
     </span>
     <span class='ocr_line' id='line_1_19' title="bbox 343 1614 2144 1674; baseline 0.001 -12"><span class='ocrx_word' id='word_1_169' title='bbox 343 1616 508 1662; x_wconf 89' lang='lat' dir='ltr'><strong>Octav.</strong></span> <span class='ocrx_word' id='word_1_170' title='bbox 543 1617 640 1670; x_wconf 83' lang='lat'><strong>21,7</strong></span> <span class='ocrx_word' id='word_1_171' title='bbox 681 1619 736 1659; x_wconf 91' lang='lat' dir='ltr'><strong>ut</strong></span> <span class='ocrx_word' id='word_1_172' title='bbox 775 1615 826 1658; x_wconf 89' lang='lat' dir='ltr'><strong>in</strong></span> <span class='ocrx_word' id='word_1_173' title='bbox 865 1614 1144 1660; x_wconf 88' lang='lat' dir='ltr'><strong>hodiernum</strong></span> <span class='ocrx_word' id='word_1_174' title='bbox 1184 1616 1280 1670; x_wconf 89' lang='lat' dir='ltr'><strong>(sic)</strong></span> <span class='ocrx_word' id='word_1_175' title='bbox 1321 1618 1564 1674; x_wconf 89' lang='lat' dir='ltr'><strong>inopinate</strong></span> <span class='ocrx_word' id='word_1_176' title='bbox 1602 1617 1747 1670; x_wconf 89' lang='lat' dir='ltr'><strong>visos,</strong></span> <span class='ocrx_word' id='word_1_177' title='bbox 1790 1617 1922 1662; x_wconf 89' lang='lat' dir='ltr'><strong>caelo</strong></span> <span class='ocrx_word' id='word_1_178' title='bbox 1959 1617 2144 1672; x_wconf 89' lang='lat' dir='ltr'><strong>missos,</strong></span> 
     </span>
     <span class='ocr_line' id='line_1_20' title="bbox 339 1685 2147 1744; baseline 0 -12"><span class='ocrx_word' id='word_1_179' title='bbox 339 1687 574 1744; x_wconf 88' lang='lat' dir='ltr'><strong>ignobiles</strong></span> <span class='ocrx_word' id='word_1_180' title='bbox 620 1691 670 1732; x_wconf 92' lang='lat' dir='ltr'><strong>et</strong></span> <span class='ocrx_word' id='word_1_181' title='bbox 708 1687 900 1742; x_wconf 88' lang='lat' dir='ltr'><strong>ignotos</strong></span> <span class='ocrx_word' id='word_1_182' title='bbox 931 1685 1106 1732; x_wconf 88' lang='lat' dir='ltr'><strong>Terrae</strong></span> <span class='ocrx_word' id='word_1_183' title='bbox 1144 1686 1266 1732; x_wconf 92' lang='lat' dir='ltr'><strong>filios</strong></span> <span class='ocrx_word' id='word_1_184' title='bbox 1303 1690 1608 1735; x_wconf 87' lang='lat' dir='ltr'><strong>nominamus.</strong></span> <span class='ocrx_word' id='word_1_185' title='bbox 1668 1688 1865 1733; x_wconf 87' lang='lat' dir='ltr'><strong>Tertull.</strong></span> <span class='ocrx_word' id='word_1_186' title='bbox 1895 1688 2019 1734; x_wconf 89' lang='lat' dir='ltr'><strong>Adv.</strong></span> <span class='ocrx_word' id='word_1_187' title='bbox 2052 1693 2147 1733; x_wconf 89' lang='lat' dir='ltr'><strong>nat.</strong></span> 
     </span>
     <span class='ocr_line' id='line_1_21' title="bbox 338 1759 2147 1817; baseline -0.001 -13"><span class='ocrx_word' id='word_1_188' title='bbox 338 1759 386 1804; x_wconf 87' lang='lat' dir='ltr'><strong>H</strong></span> <span class='ocrx_word' id='word_1_189' title='bbox 422 1760 473 1801; x_wconf 89' lang='lat'><strong>12</strong></span> <span class='ocrx_word' id='word_1_190' title='bbox 505 1772 612 1803; x_wconf 89' lang='lat' dir='ltr'><strong>nam</strong></span> <span class='ocrx_word' id='word_1_191' title='bbox 643 1762 691 1803; x_wconf 86' lang='lat' dir='ltr'><strong>et</strong></span> <span class='ocrx_word' id='word_1_192' title='bbox 720 1759 865 1814; x_wconf 90' lang='lat' dir='ltr'><strong>vulgo</strong></span> <span class='ocrx_word' id='word_1_193' title='bbox 895 1759 1076 1814; x_wconf 88' lang='lat' dir='ltr'><strong>generis</strong></span> <span class='ocrx_word' id='word_1_194' title='bbox 1106 1760 1314 1805; x_wconf 89' lang='lat' dir='ltr'><strong>incertos</strong></span> <span class='ocrx_word' id='word_1_195' title='bbox 1343 1760 1519 1805; x_wconf 87' lang='lat' dir='ltr'><strong>Terrae</strong></span> <span class='ocrx_word' id='word_1_196' title='bbox 1559 1760 1682 1804; x_wconf 90' lang='lat' dir='ltr'><strong>filios</strong></span> <span class='ocrx_word' id='word_1_197' title='bbox 1715 1760 2006 1817; x_wconf 83' lang='lat' dir='ltr'><strong>jactitamus.</strong></span> <span class='ocrx_word' id='word_1_198' title='bbox 2049 1760 2147 1805; x_wconf 86' lang='lat' dir='ltr'><strong>Cic.</strong></span> 
     </span>
     <span class='ocr_line' id='line_1_22' title="bbox 340 1829 2148 1888; baseline 0.001 -13"><span class='ocrx_word' id='word_1_199' title='bbox 340 1830 448 1875; x_wconf 91' lang='lat' dir='ltr'><strong>Att.</strong></span> <span class='ocrx_word' id='word_1_200' title='bbox 483 1831 507 1875; x_wconf 96' lang='lat' dir='ltr'>I</span> <span class='ocrx_word' id='word_1_201' title='bbox 541 1832 642 1882; x_wconf 87' lang='lat'><strong>13,4</strong></span> <span class='ocrx_word' id='word_1_202' title='bbox 692 1833 740 1874; x_wconf 92' lang='lat' dir='ltr'><strong>et</strong></span> <span class='ocrx_word' id='word_1_203' title='bbox 776 1829 884 1874; x_wconf 91' lang='lat' dir='ltr'><strong>huic</strong></span> <span class='ocrx_word' id='word_1_204' title='bbox 921 1830 1097 1874; x_wconf 87' lang='lat' dir='ltr'><strong>Terrae</strong></span> <span class='ocrx_word' id='word_1_205' title='bbox 1137 1830 1236 1875; x_wconf 92' lang='lat' dir='ltr'><strong>filio</strong></span> <span class='ocrx_word' id='word_1_206' title='bbox 1277 1831 1438 1876; x_wconf 90' lang='lat' dir='ltr'><strong>nescio</strong></span> <span class='ocrx_word' id='word_1_207' title='bbox 1469 1833 1544 1876; x_wconf 91' lang='lat' dir='ltr'><strong>cui</strong></span> <span class='ocrx_word' id='word_1_208' title='bbox 1575 1832 1866 1877; x_wconf 87' lang='lat' dir='ltr'><strong>committere</strong></span> <span class='ocrx_word' id='word_1_209' title='bbox 1897 1832 2148 1888; x_wconf 89' lang='lat' dir='ltr'><strong>epistulam</strong></span> 
     </span>
     <span class='ocr_line' id='line_1_23' title="bbox 344 1898 2142 1956; baseline 0 -9"><span class='ocrx_word' id='word_1_210' title='bbox 344 1902 491 1947; x_wconf 89' lang='lat' dir='ltr'><strong>tantis</strong></span> <span class='ocrx_word' id='word_1_211' title='bbox 529 1902 587 1945; x_wconf 90' lang='lat' dir='ltr'><strong>de</strong></span> <span class='ocrx_word' id='word_1_212' title='bbox 628 1901 769 1947; x_wconf 90' lang='lat' dir='ltr'><strong>rebus</strong></span> <span class='ocrx_word' id='word_1_213' title='bbox 807 1914 901 1945; x_wconf 93' lang='lat' dir='ltr'><strong>non</strong></span> <span class='ocrx_word' id='word_1_214' title='bbox 940 1902 1106 1946; x_wconf 86' lang='lat' dir='ltr'><strong>audeo.</strong></span> <span class='ocrx_word' id='word_1_215' title='bbox 1139 1901 1267 1947; x_wconf 89' lang='lat' dir='ltr'><strong>Fam.</strong></span> <span class='ocrx_word' id='word_1_216' title='bbox 1302 1898 1394 1948; x_wconf 91' lang='lat' dir='ltr'><strong>VII</strong></span> <span class='ocrx_word' id='word_1_217' title='bbox 1423 1905 1497 1956; x_wconf 86' lang='lat'><strong>9‚3</strong></span> <span class='ocrx_word' id='word_1_218' title='bbox 1529 1903 1611 1949; x_wconf 83' lang='lat' dir='ltr'><strong>Cn.</strong></span> <span class='ocrx_word' id='word_1_219' title='bbox 1642 1902 1868 1949; x_wconf 88' lang='lat' dir='ltr'><strong>Octavius</strong></span> <span class='ocrx_word' id='word_1_220' title='bbox 1900 1908 1974 1949; x_wconf 91' lang='lat' dir='ltr'><strong>est</strong></span> <span class='ocrx_word' id='word_1_221' title='bbox 2002 1918 2063 1948; x_wconf 90' lang='lat' dir='ltr'><strong>an</strong></span> <span class='ocrx_word' id='word_1_222' title='bbox 2091 1903 2142 1948; x_wconf 83' lang='lat' dir='ltr'><strong>C.</strong></span> 
     </span>
     <span class='ocr_line' id='line_1_24' title="bbox 340 1972 2147 2032; baseline 0.001 -14"><span class='ocrx_word' id='word_1_223' title='bbox 340 1972 588 2019; x_wconf 84' lang='lat' dir='ltr'><strong>Cornelius</strong></span> <span class='ocrx_word' id='word_1_224' title='bbox 626 1973 816 2030; x_wconf 90' lang='lat' dir='ltr'><strong>quidam</strong></span> <span class='ocrx_word' id='word_1_225' title='bbox 854 1997 914 2005; x_wconf 88' lang='lat'>—</span> <span class='ocrx_word' id='word_1_226' title='bbox 952 1973 1125 2018; x_wconf 87' lang='lat' dir='ltr'><strong>Terrae</strong></span> <span class='ocrx_word' id='word_1_227' title='bbox 1166 1974 1303 2019; x_wconf 89' lang='lat' dir='ltr'><strong>filius.</strong></span> <span class='ocrx_word' id='word_1_228' title='bbox 1364 1974 1493 2019; x_wconf 91' lang='lat' dir='ltr'><strong>Pers.</strong></span> <span class='ocrx_word' id='word_1_229' title='bbox 1538 1977 1642 2027; x_wconf 86' lang='lat'><strong>6,57</strong></span> <span class='ocrx_word' id='word_1_230' title='bbox 1681 1976 1934 2032; x_wconf 90' lang='lat' dir='ltr'><strong>progenies</strong></span> <span class='ocrx_word' id='word_1_231' title='bbox 1976 1978 2147 2020; x_wconf 90' lang='lat' dir='ltr'><strong>terrae.</strong></span> 
     </span>
     <span class='ocr_line' id='line_1_25' title="bbox 344 2043 2146 2101; baseline 0.001 -13"><span class='ocrx_word' id='word_1_232' title='bbox 344 2043 633 2098; x_wconf 81' lang='lat' dir='ltr'><strong>(Quintilian.</strong></span> <span class='ocrx_word' id='word_1_233' title='bbox 676 2043 749 2088; x_wconf 94' lang='lat' dir='ltr'><strong>III</strong></span> <span class='ocrx_word' id='word_1_234' title='bbox 780 2045 876 2098; x_wconf 86' lang='lat'><strong>7,26</strong></span> <span class='ocrx_word' id='word_1_235' title='bbox 920 2045 999 2101; x_wconf 91' lang='lat' dir='ltr'><strong>qui</strong></span> <span class='ocrx_word' id='word_1_236' title='bbox 1037 2049 1160 2090; x_wconf 88' lang='lat' dir='ltr'><strong>terra</strong></span> <span class='ocrx_word' id='word_1_237' title='bbox 1202 2046 1420 2090; x_wconf 89' lang='lat' dir='ltr'><strong>dicuntur</strong></span> <span class='ocrx_word' id='word_1_238' title='bbox 1458 2047 1548 2090; x_wconf 92' lang='lat' dir='ltr'><strong>orti</strong></span> <span class='ocrx_word' id='word_1_239' title='bbox 1577 2045 1957 2091; x_wconf 88' lang='lat' dir='ltr'><strong>Autochthonen.</strong></span> <span class='ocrx_word' id='word_1_240' title='bbox 2018 2045 2146 2090; x_wconf 91' lang='lat' dir='ltr'><strong>Serv.</strong></span> 
     </span>
     <span class='ocr_line' id='line_1_26' title="bbox 338 2114 2146 2173; baseline 0.001 -13"><span class='ocrx_word' id='word_1_241' title='bbox 338 2115 480 2171; x_wconf 86' lang='lat' dir='ltr'><strong>Verg.</strong></span> <span class='ocrx_word' id='word_1_242' title='bbox 516 2114 571 2159; x_wconf 84' lang='lat' dir='ltr'><strong>G.</strong></span> <span class='ocrx_word' id='word_1_243' title='bbox 600 2114 623 2158; x_wconf 94' lang='lat' dir='ltr'>I</span> <span class='ocrx_word' id='word_1_244' title='bbox 653 2116 679 2157; x_wconf 89' lang='grc'><strong>9</strong></span> <span class='ocrx_word' id='word_1_245' title='bbox 710 2119 863 2159; x_wconf 89' lang='lat' dir='ltr'><strong>terrae</strong></span> <span class='ocrx_word' id='word_1_246' title='bbox 903 2115 1027 2160; x_wconf 90' lang='lat' dir='ltr'><strong>filius</strong></span> <span class='ocrx_word' id='word_1_247' title='bbox 1067 2120 1122 2160; x_wconf 88' lang='lat' dir='ltr'><strong>ut</strong></span> <span class='ocrx_word' id='word_1_248' title='bbox 1164 2116 1286 2162; x_wconf 90' lang='lat' dir='ltr'><strong>solet</strong></span> <span class='ocrx_word' id='word_1_249' title='bbox 1326 2118 1386 2162; x_wconf 90' lang='lat' dir='ltr'><strong>de</strong></span> <span class='ocrx_word' id='word_1_250' title='bbox 1426 2117 1499 2162; x_wconf 90' lang='lat' dir='ltr'><strong>his</strong></span> <span class='ocrx_word' id='word_1_251' title='bbox 1540 2117 1636 2162; x_wconf 92' lang='lat' dir='ltr'><strong>dici</strong></span> <span class='ocrx_word' id='word_1_252' title='bbox 1676 2129 1874 2172; x_wconf 90' lang='lat' dir='ltr'><strong>quorum</strong></span> <span class='ocrx_word' id='word_1_253' title='bbox 1910 2130 1994 2173; x_wconf 93' lang='lat' dir='ltr'><strong>per</strong></span> <span class='ocrx_word' id='word_1_254' title='bbox 2022 2118 2146 2162; x_wconf 89' lang='lat' dir='ltr'><strong>anti-</strong></span> 
     </span>
     <span class='ocr_line' id='line_1_27' title="bbox 341 2186 2144 2244; baseline 0.001 -14"><span class='ocrx_word' id='word_1_255' title='bbox 341 2186 570 2243; x_wconf 88' lang='lat' dir='ltr'><strong>quitatem</strong></span> <span class='ocrx_word' id='word_1_256' title='bbox 605 2186 755 2230; x_wconf 89' lang='lat' dir='ltr'><strong>latent</strong></span> <span class='ocrx_word' id='word_1_257' title='bbox 794 2190 1028 2243; x_wconf 88' lang='lat' dir='ltr'><strong>parentes.</strong></span> <span class='ocrx_word' id='word_1_258' title='bbox 1090 2188 1392 2233; x_wconf 87' lang='lat' dir='ltr'><strong>Fraterculus</strong></span> <span class='ocrx_word' id='word_1_259' title='bbox 1430 2188 1636 2244; x_wconf 84' lang='lat' dir='ltr'><strong>gigantis</strong></span> <span class='ocrx_word' id='word_1_260' title='bbox 1675 2188 1751 2232; x_wconf 90' lang='lat' dir='ltr'><strong>bei</strong></span> <span class='ocrx_word' id='word_1_261' title='bbox 1791 2189 2009 2233; x_wconf 86' lang='lat' dir='ltr'><strong>Juvenal.</strong></span> <span class='ocrx_word' id='word_1_262' title='bbox 2039 2191 2144 2241; x_wconf 87' lang='lat'>4,98</span> 
     </span>
     <span class='ocr_line' id='line_1_28' title="bbox 342 2256 2144 2316; baseline 0.001 -15"><span class='ocrx_word' id='word_1_263' title='bbox 342 2257 510 2313; x_wconf 70' lang='lat' dir='ltr'><strong>gehort</strong></span> <span class='ocrx_word' id='word_1_264' title='bbox 547 2256 678 2300; x_wconf 91' lang='lat' dir='ltr'><strong>nicht</strong></span> <span class='ocrx_word' id='word_1_265' title='bbox 719 2257 937 2310; x_wconf 90' lang='lat' dir='ltr'><strong>hierher.)</strong></span> <span class='ocrx_word' id='word_1_266' title='bbox 1000 2257 1039 2301; x_wconf 88' lang='lat' dir='ltr'>P</span> <span class='ocrx_word' id='word_1_267' title='bbox 1060 2259 1137 2316; x_wconf 23' lang='lat' dir='ltr'><strong>&#39;Zu</strong></span> <span class='ocrx_word' id='word_1_268' title='bbox 1167 2258 1261 2302; x_wconf 89' lang='lat' dir='ltr'><strong>den</strong></span> <span class='ocrx_word' id='word_1_269' title='bbox 1290 2259 1446 2303; x_wconf 91' lang='lat' dir='ltr'><strong>latein.</strong></span> <span class='ocrx_word' id='word_1_270' title='bbox 1479 2258 1703 2315; x_wconf 88' lang='lat' dir='ltr'><strong>Sprichw.</strong></span> <span class='ocrx_word' id='word_1_271' title='bbox 1733 2258 1916 2304; x_wconf 89' lang='lat' dir='ltr'><strong>Archiv</strong></span> <span class='ocrx_word' id='word_1_272' title='bbox 1943 2260 2014 2304; x_wconf 89' lang='lat'><strong>111</strong></span> <span class='ocrx_word' id='word_1_273' title='bbox 2045 2262 2144 2303; x_wconf 89' lang='lat'><strong>216.</strong></span> 
     </span>
     <span class='ocr_line' id='line_1_29' title="bbox 339 2327 813 2384; baseline -0.006 -12"><span class='ocrx_word' id='word_1_274' title='bbox 339 2327 449 2372; x_wconf 88' lang='lat' dir='ltr'><strong>Otto</strong></span> <span class='ocrx_word' id='word_1_275' title='bbox 480 2327 581 2384; x_wconf 89' lang='lat' dir='ltr'><strong>Spr.</strong></span> <span class='ocrx_word' id='word_1_276' title='bbox 616 2332 740 2373; x_wconf 89' lang='lat' dir='ltr'><strong>terra</strong></span> <span class='ocrx_word' id='word_1_277' title='bbox 770 2330 813 2370; x_wconf 86' lang='lat'><strong>2.</strong></span> 
     </span>
    </p>

    <p class='ocr_par' dir='ltr' id='par_1_6' title="bbox 338 2397 2147 2598">
     <span class='ocr_line' id='line_1_30' title="bbox 455 2397 2146 2458; baseline 0.003 -16"><span class='ocrx_word' id='word_1_278' title='bbox 455 2397 604 2452; x_wconf 85' lang='lat' dir='ltr'><strong>longe</strong></span> <span class='ocrx_word' id='word_1_279' title='bbox 634 2397 771 2452; x_wconf 82' lang='lat' dir='ltr'><strong>fugit</strong></span> <span class='ocrx_word' id='word_1_280' title='bbox 800 2399 1029 2453; x_wconf 86' lang='lat' dir='ltr'><strong>quisquis</strong></span> <span class='ocrx_word' id='word_1_281' title='bbox 1062 2410 1178 2444; x_wconf 85' lang='lat' dir='ltr'><strong>suos</strong></span> <span class='ocrx_word' id='word_1_282' title='bbox 1209 2398 1363 2454; x_wconf 85' lang='lat' dir='ltr'><strong>fugit.</strong></span> <span class='ocrx_word' id='word_1_283' title='bbox 1422 2400 1536 2446; x_wconf 87' lang='lat' dir='ltr'><strong>Dies</strong></span> <span class='ocrx_word' id='word_1_284' title='bbox 1568 2400 1854 2458; x_wconf 87' lang='lat' dir='ltr'><strong>Sprichwort</strong></span> <span class='ocrx_word' id='word_1_285' title='bbox 1883 2402 1966 2447; x_wconf 87' lang='lat' dir='ltr'><strong>hat</strong></span> <span class='ocrx_word' id='word_1_286' title='bbox 1993 2402 2146 2447; x_wconf 86' lang='lat' dir='ltr'><strong>Varro</strong></span> 
     </span>
     <span class='ocr_line' id='line_1_31' title="bbox 339 2470 2147 2528; baseline 0.002 -12"><span class='ocrx_word' id='word_1_287' title='bbox 339 2484 445 2516; x_wconf 88' lang='lat' dir='ltr'><strong>zum</strong></span> <span class='ocrx_word' id='word_1_288' title='bbox 494 2471 622 2515; x_wconf 89' lang='lat' dir='ltr'><strong>Titel</strong></span> <span class='ocrx_word' id='word_1_289' title='bbox 678 2471 806 2515; x_wconf 89' lang='lat' dir='ltr'><strong>einer</strong></span> <span class='ocrx_word' id='word_1_290' title='bbox 855 2474 1016 2515; x_wconf 88' lang='lat' dir='ltr'><strong>satura</strong></span> <span class='ocrx_word' id='word_1_291' title='bbox 1061 2470 1310 2528; x_wconf 89' lang='lat' dir='ltr'><strong>Menippea</strong></span> <span class='ocrx_word' id='word_1_292' title='bbox 1353 2472 1572 2528; x_wconf 78' lang='lat' dir='ltr'><strong>gew‘ahlt.</strong></span> <span class='ocrx_word' id='word_1_293' title='bbox 1670 2471 1903 2518; x_wconf 86' lang='lat' dir='ltr'><strong>Biicheler</strong></span> <span class='ocrx_word' id='word_1_294' title='bbox 1946 2474 2147 2520; x_wconf 84' lang='lat' dir='ltr'><strong>Petron3</strong></span> 
     </span>
     <span class='ocr_line' id='line_1_32' title="bbox 338 2542 840 2598; baseline 0.002 -14"><span class='ocrx_word' id='word_1_295' title='bbox 338 2555 386 2598; x_wconf 85' lang='lat' dir='ltr'><strong>p.</strong></span> <span class='ocrx_word' id='word_1_296' title='bbox 421 2542 519 2593; x_wconf 87' lang='lat'><strong>188,</strong></span> <span class='ocrx_word' id='word_1_297' title='bbox 553 2543 637 2584; x_wconf 88' lang='grc'><strong>244</strong></span> <span class='ocrx_word' id='word_1_298' title='bbox 666 2555 710 2584; x_wconf 85' lang='grc'><strong>11.</strong></span> <span class='ocrx_word' id='word_1_299' title='bbox 741 2543 840 2585; x_wconf 86' lang='grc'><strong>245.</strong></span> 
     </span>
    </p>

    <p class='ocr_par' dir='ltr' id='par_1_7' title="bbox 337 2609 2142 2953">
     <span class='ocr_line' id='line_1_33' title="bbox 427 2609 2139 2662; baseline 0.003 -7"><span class='ocrx_word' id='word_1_300' title='bbox 427 2609 431 2612; x_wconf 74' lang='grc'><strong>”</strong></span> <span class='ocrx_word' id='word_1_301' title='bbox 454 2611 634 2657; x_wconf 89' lang='lat' dir='ltr'><strong>habuit</strong></span> <span class='ocrx_word' id='word_1_302' title='bbox 663 2611 833 2656; x_wconf 88' lang='lat' dir='ltr'><strong>autem</strong></span> <span class='ocrx_word' id='word_1_303' title='bbox 863 2611 1164 2658; x_wconf 85' lang='lat' dir='ltr'><strong>oricularios</strong></span> <span class='ocrx_word' id='word_1_304' title='bbox 1185 2623 1377 2659; x_wconf 85' lang='lat' dir='ltr'><strong>servos.</strong></span> <span class='ocrx_word' id='word_1_305' title='bbox 1419 2614 1702 2661; x_wconf 84' lang='lat' dir='ltr'><strong>oricularios</strong></span> <span class='ocrx_word' id='word_1_306' title='bbox 1723 2615 1799 2661; x_wconf 80' lang='lat' dir='ltr'><strong>fiir</strong></span> <span class='ocrx_word' id='word_1_307' title='bbox 1818 2616 2139 2662; x_wconf 86' lang='lat' dir='ltr'><strong>auricularios.</strong></span> 
     </span>
     <span class='ocr_line' id='line_1_34' title="bbox 338 2683 2141 2745; baseline 0.002 -17"><span class='ocrx_word' id='word_1_308' title='bbox 338 2684 463 2729; x_wconf 88' lang='lat' dir='ltr'><strong>Zwei</strong></span> <span class='ocrx_word' id='word_1_309' title='bbox 483 2683 726 2740; x_wconf 91' lang='lat' dir='ltr'><strong>Beispiele</strong></span> <span class='ocrx_word' id='word_1_310' title='bbox 757 2683 832 2729; x_wconf 83' lang='lat' dir='ltr'><strong>fiir</strong></span> <span class='ocrx_word' id='word_1_311' title='bbox 863 2685 955 2730; x_wconf 89' lang='lat' dir='ltr'><strong>den</strong></span> <span class='ocrx_word' id='word_1_312' title='bbox 975 2684 1256 2742; x_wconf 86' lang='lat' dir='ltr'><strong>Uebergang</strong></span> <span class='ocrx_word' id='word_1_313' title='bbox 1285 2699 1369 2730; x_wconf 92' lang='lat' dir='ltr'><strong>aus</strong></span> <span class='ocrx_word' id='word_1_314' title='bbox 1399 2688 1461 2731; x_wconf 61' lang='lat' dir='ltr'><strong>{su</strong></span> <span class='ocrx_word' id='word_1_315' title='bbox 1490 2687 1539 2731; x_wconf 92' lang='lat' dir='ltr'><strong>in</strong></span> <span class='ocrx_word' id='word_1_316' title='bbox 1560 2693 1586 2731; x_wconf 82' lang='lat'><em>6</em></span> <span class='ocrx_word' id='word_1_317' title='bbox 1618 2688 1869 2742; x_wconf 77' lang='lat' dir='ltr'><strong>(loreolam,</strong></span> <span class='ocrx_word' id='word_1_318' title='bbox 1903 2688 2141 2745; x_wconf 88' lang='lat' dir='ltr'><strong>pollulum)</strong></span> 
     </span>
     <span class='ocr_line' id='line_1_35' title="bbox 337 2755 2142 2812; baseline 0.003 -13"><span class='ocrx_word' id='word_1_319' title='bbox 337 2755 571 2800; x_wconf 85' lang='lat' dir='ltr'><strong>Biicheler</strong></span> <span class='ocrx_word' id='word_1_320' title='bbox 607 2755 776 2801; x_wconf 87' lang='lat' dir='ltr'><strong>Rhein.</strong></span> <span class='ocrx_word' id='word_1_321' title='bbox 821 2757 937 2801; x_wconf 90' lang='lat' dir='ltr'><strong>Mus.</strong></span> <span class='ocrx_word' id='word_1_322' title='bbox 968 2757 1038 2800; x_wconf 93' lang='lat' dir='ltr'><strong>XI</strong></span> <span class='ocrx_word' id='word_1_323' title='bbox 1071 2759 1152 2799; x_wconf 85' lang='lat'><strong>510</strong></span> <span class='ocrx_word' id='word_1_324' title='bbox 1166 2756 1229 2808; x_wconf 88' lang='lat' dir='ltr'><strong>f.;</strong></span> <span class='ocrx_word' id='word_1_325' title='bbox 1279 2759 1400 2802; x_wconf 86' lang='lat' dir='ltr'><strong>dazu</strong></span> <span class='ocrx_word' id='word_1_326' title='bbox 1441 2759 1618 2803; x_wconf 90' lang='lat' dir='ltr'><strong>oricula</strong></span> <span class='ocrx_word' id='word_1_327' title='bbox 1655 2759 1753 2804; x_wconf 86' lang='lat' dir='ltr'><strong>Cic.</strong></span> <span class='ocrx_word' id='word_1_328' title='bbox 1795 2760 1857 2803; x_wconf 90' lang='lat' dir='ltr'><strong>ad</strong></span> <span class='ocrx_word' id='word_1_329' title='bbox 1888 2758 2044 2812; x_wconf 84' lang='lat' dir='ltr'><strong>Quint.</strong></span> <span class='ocrx_word' id='word_1_330' title='bbox 2086 2758 2142 2804; x_wconf 88' lang='lat' dir='ltr'><strong>fr.</strong></span> 
     </span>
     <span class='ocr_line' id='line_1_36' title="bbox 337 2826 2139 2884; baseline 0.002 -13"><span class='ocrx_word' id='word_1_331' title='bbox 337 2826 386 2871; x_wconf 94' lang='lat' dir='ltr'><strong>II</strong></span> <span class='ocrx_word' id='word_1_332' title='bbox 419 2827 516 2879; x_wconf 87' lang='lat'><strong>13,4</strong></span> <span class='ocrx_word' id='word_1_333' title='bbox 548 2827 718 2880; x_wconf 77' lang='lat' dir='ltr'><strong>(Med).</strong></span> <span class='ocrx_word' id='word_1_334' title='bbox 781 2828 962 2872; x_wconf 90' lang='lat' dir='ltr'><strong>Becher</strong></span> <span class='ocrx_word' id='word_1_335' title='bbox 991 2827 1176 2875; x_wconf 88' lang='lat' dir='ltr'><strong>Archiv</strong></span> <span class='ocrx_word' id='word_1_336' title='bbox 1204 2828 1272 2874; x_wconf 93' lang='lat' dir='ltr'><strong>VI</strong></span> <span class='ocrx_word' id='word_1_337' title='bbox 1304 2830 1374 2871; x_wconf 84' lang='lat'><strong>84.</strong></span> <span class='ocrx_word' id='word_1_338' title='bbox 1435 2829 1628 2875; x_wconf 73' lang='lat' dir='ltr'><strong>Ronsch</strong></span> <span class='ocrx_word' id='word_1_339' title='bbox 1659 2833 1769 2874; x_wconf 88' lang='lat'>464:</span> <span class='ocrx_word' id='word_1_340' title='bbox 1813 2835 1960 2884; x_wconf 88' lang='lat' dir='ltr'><strong>orata,</strong></span> <span class='ocrx_word' id='word_1_341' title='bbox 1994 2845 2139 2883; x_wconf 89' lang='lat' dir='ltr'><strong>orum,</strong></span> 
     </span>
     <span class='ocr_line' id='line_1_37' title="bbox 339 2897 1202 2953; baseline 0.001 -12"><span class='ocrx_word' id='word_1_342' title='bbox 339 2897 533 2951; x_wconf 91' lang='lat' dir='ltr'><strong>oricula,</strong></span> <span class='ocrx_word' id='word_1_343' title='bbox 569 2898 845 2944; x_wconf 89' lang='lat' dir='ltr'><strong>oricularius</strong></span> <span class='ocrx_word' id='word_1_344' title='bbox 883 2899 972 2953; x_wconf 91' lang='lat' dir='ltr'><strong>(bei</strong></span> <span class='ocrx_word' id='word_1_345' title='bbox 1003 2899 1202 2953; x_wconf 86' lang='lat' dir='ltr'><strong>Celsus).</strong></span> 
     </span>
    </p>

    <p class='ocr_par' dir='ltr' id='par_1_8' title="bbox 335 2968 2142 3238">
     <span class='ocr_line' id='line_1_38' title="bbox 453 2968 2142 3029; baseline 0.004 -17"><span class='ocrx_word' id='word_1_346' title='bbox 453 2969 702 3025; x_wconf 88' lang='lat' dir='ltr'><strong>Ducange:</strong></span> <span class='ocrx_word' id='word_1_347' title='bbox 737 2968 1068 3016; x_wconf 88' lang='lat' dir='ltr'><strong>Auricularius</strong></span> <span class='ocrx_word' id='word_1_348' title='bbox 1098 2971 1386 3029; x_wconf 78' lang='grc' dir='ltr'>ὠτακουστής.</span> <span class='ocrx_word' id='word_1_349' title='bbox 1447 2972 1603 3018; x_wconf 80' lang='lat' dir='ltr'><strong>Gloss.</strong></span> <span class='ocrx_word' id='word_1_350' title='bbox 1627 2973 1795 3018; x_wconf 89' lang='lat' dir='ltr'><strong>Isidor.</strong></span> <span class='ocrx_word' id='word_1_351' title='bbox 1820 2973 2142 3019; x_wconf 88' lang='lat' dir='ltr'><strong>Auricularius</strong></span> 
     </span>
     <span class='ocr_line' id='line_1_39' title="bbox 339 3040 2138 3099; baseline 0.004 -17"><span class='ocrx_word' id='word_1_352' title='bbox 339 3040 647 3084; x_wconf 89' lang='lat' dir='ltr'><strong>auscultator.</strong></span> <span class='ocrx_word' id='word_1_353' title='bbox 704 3041 900 3098; x_wconf 86' lang='lat' dir='ltr'><strong>Saepius</strong></span> <span class='ocrx_word' id='word_1_354' title='bbox 930 3055 1043 3086; x_wconf 89' lang='lat' dir='ltr'><strong>vero</strong></span> <span class='ocrx_word' id='word_1_355' title='bbox 1073 3055 1158 3099; x_wconf 89' lang='lat' dir='ltr'><strong>pro</strong></span> <span class='ocrx_word' id='word_1_356' title='bbox 1188 3040 1283 3087; x_wconf 91' lang='lat' dir='ltr'><strong>fido</strong></span> <span class='ocrx_word' id='word_1_357' title='bbox 1315 3043 1598 3088; x_wconf 85' lang='lat' dir='ltr'><strong>consiliario.</strong></span> <span class='ocrx_word' id='word_1_358' title='bbox 1633 3045 1736 3090; x_wconf 90' lang='lat' dir='ltr'><strong>Lib.</strong></span> <span class='ocrx_word' id='word_1_359' title='bbox 1760 3045 1809 3089; x_wconf 94' lang='lat' dir='ltr'><strong>II</strong></span> <span class='ocrx_word' id='word_1_360' title='bbox 1838 3046 2040 3091; x_wconf 88' lang='lat' dir='ltr'><strong>Samuel.</strong></span> <span class='ocrx_word' id='word_1_361' title='bbox 2065 3048 2138 3090; x_wconf 88' lang='lat'><strong>23:</strong></span> 
     </span>
     <span class='ocr_line' id='line_1_40' title="bbox 335 3109 2139 3173; baseline 0.004 -20"><span class='ocrx_word' id='word_1_362' title='bbox 335 3109 564 3168; x_wconf 87' lang='lat' dir='ltr'><strong>Fecitque</strong></span> <span class='ocrx_word' id='word_1_363' title='bbox 587 3123 691 3155; x_wconf 89' lang='lat' dir='ltr'><strong>eum</strong></span> <span class='ocrx_word' id='word_1_364' title='bbox 712 3112 803 3157; x_wconf 92' lang='lat' dir='ltr'><strong>sibi</strong></span> <span class='ocrx_word' id='word_1_365' title='bbox 828 3112 985 3159; x_wconf 89' lang='lat' dir='ltr'><strong>David</strong></span> <span class='ocrx_word' id='word_1_366' title='bbox 1006 3114 1336 3158; x_wconf 88' lang='lat' dir='ltr'><strong>auricularium</strong></span> <span class='ocrx_word' id='word_1_367' title='bbox 1357 3128 1385 3158; x_wconf 89' lang='lat' dir='ltr'><strong>a</strong></span> <span class='ocrx_word' id='word_1_368' title='bbox 1406 3119 1589 3160; x_wconf 89' lang='lat' dir='ltr'><strong>secreto</strong></span> <span class='ocrx_word' id='word_1_369' title='bbox 1615 3116 1735 3173; x_wconf 84' lang='grc' dir='ltr'>(πρὸς</span> <span class='ocrx_word' id='word_1_370' title='bbox 1761 3117 1836 3165; x_wconf 78' lang='grc' dir='ltr'><strong>τὰς</strong></span> <span class='ocrx_word' id='word_1_371' title='bbox 1857 3117 1989 3166; x_wconf 71' lang='grc' dir='ltr'><strong>ἀκοὰς</strong></span> <span class='ocrx_word' id='word_1_372' title='bbox 2010 3117 2139 3161; x_wconf 84' lang='grc' dir='ltr'>αὐτοῦ</span> 
     </span>
     <span class='ocr_line' id='line_1_41' title="bbox 337 3180 1492 3238; baseline 0.004 -14"><span class='ocrx_word' id='word_1_373' title='bbox 337 3180 529 3226; x_wconf 73' lang='grc' dir='ltr'><strong>Βὸ110011</strong></span> <span class='ocrx_word' id='word_1_374' title='bbox 564 3183 656 3236; x_wconf 90' lang='grc'><strong>131)</strong></span> <span class='ocrx_word' id='word_1_375' title='bbox 690 3183 720 3226; x_wconf 86' lang='grc'><strong>1.</strong></span> <span class='ocrx_word' id='word_1_376' title='bbox 743 3196 782 3227; x_wconf 87' lang='grc'><strong>0.</strong></span> <span class='ocrx_word' id='word_1_377' title='bbox 816 3186 1126 3238; x_wconf 90' lang='lat' dir='ltr'><strong>secretarium,</strong></span> <span class='ocrx_word' id='word_1_378' title='bbox 1163 3185 1492 3230; x_wconf 90' lang='lat' dir='ltr'><strong>consiliarium.</strong></span> 
     </span>
    </p>

    <p class='ocr_par' dir='ltr' id='par_1_9' title="bbox 341 3254 2140 3448">
     <span class='ocr_line' id='line_1_42' title="bbox 452 3254 2140 3311; baseline 0.005 -15"><span class='ocrx_word' id='word_1_379' title='bbox 452 3262 706 3307; x_wconf 84' lang='lat' dir='ltr'><strong>nunquam</strong></span> <span class='ocrx_word' id='word_1_380' title='bbox 736 3254 904 3298; x_wconf 86' lang='lat' dir='ltr'><strong>autem</strong></span> <span class='ocrx_word' id='word_1_381' title='bbox 933 3255 1074 3300; x_wconf 89' lang='lat' dir='ltr'><strong>recte</strong></span> <span class='ocrx_word' id='word_1_382' title='bbox 1104 3255 1260 3300; x_wconf 83' lang='lat' dir='ltr'><strong>faciet</strong></span> <span class='ocrx_word' id='word_1_383' title='bbox 1289 3257 1376 3311; x_wconf 83' lang='lat' dir='ltr'><strong>qui</strong></span> <span class='ocrx_word' id='word_1_384' title='bbox 1407 3256 1507 3302; x_wconf 90' lang='lat' dir='ltr'><strong>cito</strong></span> <span class='ocrx_word' id='word_1_385' title='bbox 1537 3257 1720 3303; x_wconf 87' lang='lat' dir='ltr'><strong>credit.</strong></span> <span class='ocrx_word' id='word_1_386' title='bbox 1785 3259 1884 3304; x_wconf 88' lang='lat' dir='ltr'><strong>Nec</strong></span> <span class='ocrx_word' id='word_1_387' title='bbox 1915 3259 2010 3304; x_wconf 88' lang='lat' dir='ltr'><strong>cito</strong></span> <span class='ocrx_word' id='word_1_388' title='bbox 2038 3272 2140 3304; x_wconf 87' lang='lat' dir='ltr'><strong>cre-</strong></span> 
     </span>
     <span class='ocr_line' id='line_1_43' title="bbox 341 3322 2137 3376; baseline 0.006 -10"><span class='ocrx_word' id='word_1_389' title='bbox 341 3322 521 3367; x_wconf 89' lang='lat' dir='ltr'><strong>dideris</strong></span> <span class='ocrx_word' id='word_1_390' title='bbox 553 3323 672 3370; x_wconf 89' lang='lat' dir='ltr'><strong>Ovid</strong></span> <span class='ocrx_word' id='word_1_391' title='bbox 702 3325 762 3369; x_wconf 94' lang='lat' dir='ltr'><strong>A.</strong></span> <span class='ocrx_word' id='word_1_392' title='bbox 797 3342 839 3372; x_wconf 88' lang='lat' dir='ltr'><strong>a.</strong></span> <span class='ocrx_word' id='word_1_393' title='bbox 874 3327 946 3372; x_wconf 93' lang='lat' dir='ltr'><strong>III</strong></span> <span class='ocrx_word' id='word_1_394' title='bbox 977 3329 1058 3371; x_wconf 88' lang='grc'><strong>685</strong></span> <span class='ocrx_word' id='word_1_395' title='bbox 1090 3329 1187 3373; x_wconf 93' lang='lat' dir='ltr'><strong>und</strong></span> <span class='ocrx_word' id='word_1_396' title='bbox 1215 3327 1502 3374; x_wconf 90' lang='lat' dir='ltr'><strong>Aehnliches</strong></span> <span class='ocrx_word' id='word_1_397' title='bbox 1532 3329 1612 3375; x_wconf 92' lang='lat' dir='ltr'><strong>bei</strong></span> <span class='ocrx_word' id='word_1_398' title='bbox 1643 3329 1753 3376; x_wconf 89' lang='lat' dir='ltr'><strong>Otto</strong></span> <span class='ocrx_word' id='word_1_399' title='bbox 1783 3330 1964 3375; x_wconf 88' lang='lat' dir='ltr'><strong>Archiv</strong></span> <span class='ocrx_word' id='word_1_400' title='bbox 1983 3329 2052 3376; x_wconf 92' lang='lat' dir='ltr'><strong>VI</strong></span> <span class='ocrx_word' id='word_1_401' title='bbox 2084 3331 2137 3372; x_wconf 80' lang='lat'><strong>52</strong></span> 
     </span>
     <span class='ocr_line' id='line_1_44' title="bbox 341 3391 831 3448; baseline 0.016 -12"><span class='ocrx_word' id='word_1_402' title='bbox 341 3411 393 3429; x_wconf 91' lang='lat'>=</span> <span class='ocrx_word' id='word_1_403' title='bbox 429 3391 532 3448; x_wconf 92' lang='lat' dir='ltr'><strong>Spr.</strong></span> <span class='ocrx_word' id='word_1_404' title='bbox 567 3395 760 3442; x_wconf 88' lang='lat' dir='ltr'><strong>credere</strong></span> <span class='ocrx_word' id='word_1_405' title='bbox 790 3399 831 3444; x_wconf 88' lang='lat'><strong>2.</strong></span> 
     </span>
    </p>
   </div>
   <div class='ocr_carea' id='block_1_3' title="bbox 2345 290 2418 3762">
    <p class='ocr_par' dir='ltr' id='par_1_10' title="bbox 2345 290 2418 3762">
     <span class='ocr_line' id='line_1_45' title="bbox 2345 290 2418 3762; baseline 0 0"><span class='ocrx_word' id='word_1_406' title='bbox 2345 290 2418 3762; x_wconf 95' lang='lat' dir='ltr'><strong> </strong></span> 
     </span>
    </p>
   </div>
  </div>
 </body>
</html>
