2418 3762
330 270 431 321 162
962 263 1089 309 Cena
1118 262 1492 309 Trimalchionis.

326 409 661 479 exceptione:
694 405 764 462 ‘si
791 400 921 476 quis'
952 406 1124 482 inquit
1155 405 1386 461 noluerit
1410 407 1674 477 accipere,
1708 412 1870 476 caput
1893 407 1976 460 illi
2001 424 2126 478 per-

325 501 512 557 funde.
589 500 823 555 interdiu
861 515 1068 568 severa,
1111 515 1253 553 nunc
1288 494 1514 554 hilaria'.

240 592 337 642 651
468 596 605 648 hanc
640 592 1028 647 humanitatem
1079 593 1355 647 insecutae
1403 598 1525 647 sunt
1571 597 1836 659 matteae,
1901 609 2126 661 quarum

327 689 487 743 etiam
524 684 825 742 recordatio
858 702 961 754 me,
1022 684 1068 738 si
1123 702 1230 754 qua
1285 690 1367 739 est
1417 684 1616 739 dicenti
1663 683 1813 752 fides,
1878 685 2131 750 offendit..

269 791 292 830 5
325 780 573 850 singulae
613 780 753 833 enim
793 779 1030 847 gallinae
1068 778 1248 832 altiles
1284 794 1381 848 pro
1406 777 1579 831 turdis
1620 778 1966 833 circumlatae
2003 785 2127 833 sunt

325 879 378 927 et
416 889 520 926 ova
568 872 819 932 anserina
866 872 1108 942 pilleata,
1164 887 1302 939 quae
1346 875 1406 924 ut
1453 886 1833 939 comessemus,
1875 871 2126 926 ambitio-

324 965 537 1019 sissime
587 985 620 1018 a
669 965 824 1020 nobis
868 964 1193 1019 Trimalchio
1245 963 1401 1035 petiit
1446 963 1628 1018 dicens
1676 970 1956 1019 exossatas
2005 981 2124 1019 esse

322 1060 573 1128 gallinas.
1234 1126 1236 1129 ι

465 1153 604 1207 inter
638 1152 774 1206 haec
811 1150 1027 1205 triclinii
1051 1149 1239 1204 valvas
1276 1149 1429 1203 lictor
1464 1150 1746 1220 percussit,
1792 1151 2124 1220 amictusque

239 1253 291 1293 10
323 1250 475 1299 veste
512 1245 640 1299 alba
676 1262 795 1298 cum
833 1243 1041 1313 ingenti
1078 1242 1378 1310 frequentia
1403 1242 1712 1297 comissator
1736 1243 1969 1298 intravit.
2022 1261 2123 1314 ego

321 1337 605 1392 maiestate
644 1337 958 1391 conterritus
994 1340 1294 1406 praetorem
1332 1335 1590 1404 putabam
1627 1326 1863 1389 venisse.
1941 1336 2123 1404 itaque

319 1430 579 1500 temptavi
618 1445 901 1498 assurgere
959 1434 1012 1482 et
1065 1427 1240 1482 nudos
1296 1427 1466 1498 pedes
1519 1427 1576 1481 in
1631 1433 1830 1482 terram
1887 1428 2117 1484 deferre.

319 1521 438 1575 risit
473 1522 612 1575 hanc
648 1521 1057 1591 trepidationem
1083 1520 1453 1598 Agamemnon
1490 1526 1543 1574 et
1578 1515 1807 1575 ‘contine
1844 1510 1910 1576 te³
1951 1522 2149 1590 inquit,

314 1608 491 1668 ‘homo
531 1614 862 1669 stultissime.
922 1612 1203 1667 Habinnas
1231 1613 1374 1667 sevir
1399 1619 1481 1668 est
1515 1613 1766 1682 idemque
1803 1614 2116 1685 lapidarius,

234 1716 285 1757 15
318 1707 410 1775 qui
444 1707 660 1762 videtur
694 1711 1037 1761 monumenta
1073 1707 1270 1776 optime
1308 1701 1520 1761 facere³.

459 1783 732 1854 recreatus
768 1800 870 1854 hoc
908 1816 1148 1853 sermone
1172 1799 1388 1869 reposui
1414 1799 1665 1867 cubitum,
1708 1800 2121 1868 Habinnamque

316 1893 605 1947 intrantem
645 1909 763 1947 cum
803 1891 1153 1947 admiratione
1178 1892 1386 1963 ingenti
1411 1894 1740 1963 spectabam.
1807 1892 1902 1946 ille
1940 1898 2119 1947 autem

315 1985 423 2038 iam
451 1986 642 2039 ebrius
680 1985 860 2040 uxoris
900 2000 1030 2039 suae
1077 1985 1273 2039 umeris
1317 1985 1645 2055 imposuerat
1679 2001 1885 2050 manua
1925 2002 2118 2040 onera—

231 2135 247 2139 „
316 2083 507 2146 tusque
545 2067 993 2146 aliquotfcoronis
1045 2083 1098 2131 et
1132 2083 1404 2146 unguento
1442 2095 1540 2148 per
1576 2078 1804 2132 frontem
1842 2079 1898 2132 in
1935 2079 2117 2133 oculos

227 2155 286 2214 {o
312 2159 516 2224 'fluente
552 2172 814 2239 praetorio
853 2170 970 2224 loco
1009 2186 1068 2224 se
1105 2170 1284 2244 posuit
1309 2170 1661 2239 continuoque
1693 2171 1875 2225 vinum
1914 2177 1968 2226 et
2005 2172 2117 2225 cal-

317 2261 442 2315 dam
477 2263 738 2333 poposcit.
774 2263 1091 2317 'delectatus
1127 2257 1230 2316 hac
1256 2263 1580 2318 Trimalchio
1617 2263 1891 2318 hilaritate
1917 2270 1971 2318 et
2000 2265 2119 2334 ipse

318 2355 650 2425 capaciorem
687 2357 934 2426 poposcit
969 2355 1228 2425 scyphum
1274 2355 1666 2425 quaesivitque,
1722 2356 1987 2425 quomodo
2024 2373 2118 2410 ac-

317 2452 504 2517 ceptus
552 2453 712 2502 esset.
785 2443 999 2502 ‘omnia'
1039 2448 1212 2516 inquit
1243 2444 1552 2502 fhabuimus
1588 2455 1802 2518 praeter
1838 2454 1916 2516 te3
1977 2449 2118 2504 oculi

315 2540 455 2594 enim
492 2540 599 2594 mei
635 2541 724 2595 hic
761 2546 929 2595 erant.
996 2546 1049 2595 et
1071 2540 1403 2595 mehercules
1427 2543 1565 2597 bene
1591 2541 1710 2596 fuit.
1776 2541 1959 2596 Scissa
1994 2542 2117 2596 lau-

229 2635 283 2677 25
313 2637 426 2687 tum
463 2633 799 2704 novemdiale
837 2650 990 2690 servo
1019 2650 1114 2689 suo
1140 2635 1348 2689 misello
1376 2633 1623 2703 faciebat,
1667 2651 1825 2703 quem
1850 2640 2114 2689 mortuum

429 3318 479 3360 15
509 3318 698 3364 videtur
727 3319 925 3378 Scheffer
962 3319 1199 3365 videretur
1223 3319 1280 3362 H
1313 3319 1560 3376 profitetur
1582 3318 1854 3376 Hirschfeld
1947 3318 2018 3370 24,
2052 3318 2106 3359 25

309 3388 487 3433 lautum
515 3390 810 3436 novemdiale
840 3391 1062 3435 Bacheler
1095 3392 1278 3436 laucum
1307 3389 1648 3437 novemdialem
1677 3391 1735 3434 H

2156 295 2345 336 Biichcle

2206 366 2248 405 p.
2270 351 2324 392 43
2407 403 2410 413 ,

2161 421 2218 463 H

2147 2079 2325 2122 Bfiohel
2381 2071 2386 2120 ἴ

2200 2151 2242 2189 p.
2263 2137 2318 2178 44
