2418 3762
358 307 463 357 294
987 302 1352 359 Anmerkungen
1381 316 1439 348 zu
1470 305 1540 347 64.

355 458 438 490 ren
468 445 545 490 bei
577 444 682 489 dem
712 443 933 489 Betriebe
973 444 1101 489 ihres
1132 443 1384 491 Geschiifts
1422 446 1634 498 (Martial.
1670 446 1763 491 VII
1793 448 1847 488 83
1878 446 2167 503 Eutrapelus

355 521 518 561 tonsor
558 516 668 560 dum
709 515 876 559 circuit
917 528 1001 560 ora
1041 515 1241 573 Luperci
1271 515 1588 574 Expingitque
1626 530 1791 574 genas,
1832 518 1984 562 altera
2019 517 2168 562 barba

360 586 512 641 subit;
548 586 641 642 vgl.
657 585 775 630 VIII
807 587 902 639 521)
936 599 1017 630 zur
1038 586 1373 644 Nachahmung
1402 585 1729 645 aufgefordert
1748 588 1916 642 haben,
1951 588 2047 631 und
2068 589 2167 632 ihre

356 657 662 713 Darstellung
706 656 883 702 beliebt
931 669 1148 713 gewesen
1191 658 1309 702 sein.
1348 698 1351 700 .
1391 659 1490 704 Das
1539 658 1737 704 hochste
1788 660 1885 704 Ziel
1935 660 2033 703 und
2084 660 2169 703 der

356 732 539 785 grosste
571 727 797 785 Triumph
839 728 923 772 der
952 727 1206 773 Virtuosen
1245 728 1332 774 auf
1365 730 1543 775 diesem
1571 729 1742 775 Gebiet
1770 730 1834 775 ist
1863 731 1979 776 aber
2008 731 2169 775 immer

356 812 599 856 gewesen‚
641 798 849 844 mehrere
880 798 1118 844 Personen
1155 800 1242 844 mit
1282 800 1650 847 verschiedcnen
1687 800 1913 845 Stimmen
1953 800 2167 858 zugleich

358 870 688 914 darzustellen.
762 869 861 915 Das
907 871 1187 916 tonstrinum
1238 871 1321 917 des
1360 871 1605 917 Plocamus
1655 872 1783 917 kann
1835 872 2012 917 sowohl
2064 872 2167 916 eine

358 940 664 997 Darstellung
709 941 791 986 des
838 941 1106 994 einzelnen,
1157 942 1293 988 einen
1333 942 1535 987 Kunden
1579 942 1910 988 bedienenden
1948 941 2169 987 Barbiers

366 1013 657 1065 (tonstrinum
687 1025 822 1070 opus,
855 1013 1095 1069 negotium
1123 1014 1220 1070 vgl.
1254 1015 1311 1056 46
1345 1015 1684 1068 tonstreinum),
1728 1015 1799 1058 als
1830 1015 1960 1059 einer
1989 1026 2170 1070 ganzen

356 1082 691 1129 Barbierstube
721 1096 939 1140 gewesen
969 1084 1091 1137 sein;
1127 1085 1250 1129 denn
1280 1085 1400 1129 auch
1421 1085 1498 1130 die
1520 1085 1723 1130 Kunden
1743 1086 1890 1131 boten
1911 1085 1995 1130 der
2016 1084 2168 1142 Kopie

363 1154 603 1199 dankbare
633 1153 849 1212 Objecte.
913 1155 1094 1201 Seneca
1123 1155 1263 1200 Brev.
1297 1157 1381 1202 vit.
1415 1158 1514 1207 12,3
1547 1157 1701 1210 Quid?
1731 1156 1838 1201 illos
1869 1158 2050 1202 otiosos
2081 1169 2169 1200 vo-

357 1238 449 1280 cas,
491 1225 660 1283 quibus
692 1227 817 1281 apud
848 1229 1087 1272 tonsorem
1123 1228 1298 1271 multae
1328 1227 1472 1271 horae
1503 1227 1906 1281 transmittuntur,
1947 1227 2057 1272 dum
2088 1228 2169 1271 de-

356 1296 564 1354 cerpitur
607 1297 647 1341 si
686 1297 799 1355 quid
828 1299 1045 1354 proxima
1073 1302 1214 1343 nocte
1244 1298 1493 1350 succrevit,
1529 1297 1640 1341 dum
1670 1298 1730 1342 de
1760 1297 1958 1354 singulis
1987 1298 2170 1354 capillis

362 1369 412 1413 in
443 1368 689 1414 consilium
718 1368 835 1421 itur,
878 1369 988 1413 dum
1018 1373 1102 1413 aut
1131 1368 1332 1425 disjecta
1372 1381 1504 1412 coma
1534 1367 1802 1413 restituitur
1833 1374 1916 1414 aut
1946 1368 2170 1414 deficiens

364 1438 475 1484 hinc
505 1444 649 1496 atque
679 1440 809 1483 illinc
839 1439 888 1482 in
925 1439 1126 1484 frontem
1158 1439 1488 1495 compellitur?
1528 1440 1764 1496 quomodo
1793 1440 2082 1492 irascuntur,
2129 1441 2170 1484 si

366 1514 527 1555 tonsor
556 1509 696 1566 paulo
726 1509 1048 1566 neglegentior
1079 1509 1183 1563 fuit,
1218 1514 1441 1567 tanquam
1473 1510 1623 1554 virum
1653 1511 1906 1555 tonderet?
1936 1510 2171 1567 quomodo

367 1581 727 1634 excandescunt,
764 1581 804 1625 si
836 1580 949 1638 quid
981 1593 1039 1625 ex
1064 1580 1185 1638 juba
1217 1594 1303 1626 sua
1333 1581 1544 1625 decisum
1575 1584 1672 1634 est,
1712 1583 1753 1626 si
1786 1582 1900 1639 quid
1931 1585 2063 1626 extra
2093 1595 2171 1626 or-

370 1653 526 1697 dinem
551 1653 716 1709 jacuit,
747 1651 837 1697 nisi
867 1652 1024 1696 omnia
1053 1652 1103 1696 in
1132 1651 1299 1697 anulos
1329 1665 1440 1696 suos
1470 1652 1769 1697 reciderunt?
1812 1653 1916 1709 quis
1947 1657 2020 1698 est
2050 1653 2170 1697 isto-

366 1736 468 1767 rum
509 1723 591 1779 qui
630 1736 725 1767 non
761 1723 895 1768 malit
933 1723 1270 1779 rempublicam
1310 1723 1493 1769 turbari
1533 1737 1673 1781 quam
1707 1727 1918 1768 comam?
1967 1724 2047 1781 qui
2076 1736 2170 1768 non

360 1793 604 1838 sollicitior
653 1794 717 1839 sit
767 1795 826 1839 de
877 1794 1045 1851 capitis
1095 1794 1168 1838 sui
1214 1795 1385 1839 decore
1430 1808 1568 1851 quam
1614 1796 1674 1840 de
1718 1794 1905 1840 salute?
1954 1796 2034 1851 qui
2077 1807 2171 1839 non

363 1858 592 1921 comptior
630 1877 733 1909 esse
773 1866 907 1911 malit
946 1879 1084 1922 quam
1123 1856 1397 1911 honestior?
1434 1866 1521 1910 hos
1561 1870 1614 1910 tu
1655 1867 1836 1912 otiosos
1874 1878 2018 1911 vocas
2047 1865 2172 1910 inter

357 1936 589 1991 pectinem
620 1935 952 1993 speculumque
983 1941 1276 1994 occupatos?

470 2031 618 2075 quem
648 2031 822 2076 parem
852 2020 1024 2066 habui.
1088 2023 1141 2064 68
1173 2035 1334 2078 parem
1363 2035 1460 2067 non
1493 2022 1660 2068 habuit
1690 2023 1792 2067 sive
1823 2022 2053 2067 muliones
2082 2034 2170 2067 vo-

352 2092 422 2137 let
454 2093 555 2138 sive
586 2092 889 2137 circulatores
921 2093 1108 2137 imitari.

477 2176 578 2221 nisi
607 2181 761 2221 unum
790 2175 1089 2232 Apelletem.
1130 2177 1226 2221 Der
1255 2176 1541 2221 namentlich
1570 2177 1690 2220 auch
1720 2177 1866 2221 durch
1888 2177 1967 2221 die
1988 2176 2170 2221 schon-

360 2247 462 2292 heit
490 2247 642 2292 seiner
673 2247 866 2292 Stimme
896 2248 1154 2302 beriihmte,
1184 2248 1264 2293 bei
1294 2247 1511 2304 Caligula
1542 2247 1647 2291 eine
1677 2246 1781 2291 Zeit
1810 2248 1921 2304 lang
1951 2246 2167 2292 einfluss-

363 2317 520 2362 reiche
559 2318 781 2374 Tragode
817 2317 1014 2374 Apelles
1056 2332 1140 2364 aus
1178 2317 1397 2363 Ascalon.
1449 2316 1525 2362 SG
1554 2318 1579 2361 I
1613 2319 1718 2371 119,
1761 2320 1787 2361 6
1817 2319 1912 2362 und
1944 2320 1983 2360 7.
2047 2318 2171 2362 Einl.

361 2388 406 2434 S.
439 2391 477 2432 9.
540 2388 694 2434 Ueber
724 2389 799 2433 die
830 2389 970 2433 Form
1001 2388 1274 2445 Apelletem
1305 2387 1542 2434 Guericke
1571 2391 1643 2431 45.

473 2470 735 2518 Graecum.
790 2464 1201 2518 ¹Wahrscheinlich
1234 2487 1392 2519 waren
1429 2474 1508 2518 die
1539 2472 1690 2518 Texte
1730 2475 1812 2518 der
1850 2487 1946 2519 von
1974 2472 2169 2529 Apelles

357 2557 661 2601 gesungenen
690 2545 874 2588 cantica
904 2545 1180 2601 griechisch.
1241 2546 1307 2589 Zu
1340 2547 1394 2587 52
1425 2544 1611 2589 madeia
1640 2544 1941 2600 perimadeia.

475 2641 587 2674 cum
617 2629 867 2674 tubicines
899 2629 1034 2675 esset
1063 2627 1314 2675 imitatus.
1375 2629 1506 2674 Oben
1536 2643 1595 2674 zu
1625 2631 1739 2686 quid
1769 2629 2078 2674 tonstrinum?
2139 2634 2142 2637 ’

473 2699 536 2744 ad
567 2699 774 2745 delicias
807 2712 944 2747 suas.
1004 2703 1070 2746 Zu
1101 2703 1154 2744 28
1187 2702 1383 2746 deliciae
1413 2701 1532 2758 ejus.

473 2770 711 2817 catellam
743 2797 800 2803 -
829 2772 1119 2817 indecenter
1148 2773 1402 2828 pinguem.
1462 2771 1528 2816 Zu
1561 2773 1613 2813 58
1643 2772 1933 2816 indecenter.

477 2853 575 2898 quo
617 2842 899 2888 admonitus
931 2843 1091 2888 offleii
1120 2841 1446 2887 Trimalchio.
1513 2841 1695 2886 ‘officiiz
1731 2847 1785 2887 ut
1813 2842 2021 2886 rideatur
2052 2853 2168 2886 con-

364 2918 499 2960 sueta
528 2915 704 2959 homini
733 2915 957 2973 ἀγροικία’.
992 2915 1220 2960 Biicheler
1249 2915 1287 2958 I.
1349 2913 1460 2957 Wol
1489 2913 1766 2968 abgekiirzt.

480 2997 735 3056 Scylacem
782 2998 936 3045 iussit
982 2998 1180 3056 adduci,
1227 2997 1553 3055 ‘praesidium
1591 2996 1765 3043 domus
1805 2992 2167 3050 familiaeque&

367 3071 589 3129 ‘jubentis
618 3071 735 3116 haec
766 3070 1122 3117 Trimalchionis
1152 3072 1300 3118 verba
1331 3070 1474 3127 puta’.
1511 3070 1809 3115 Biicheler‘I.
1858 3068 2166 3124 Theophrast.

360 3141 573 3187 charact.
615 3144 643 3184 4
673 3143 770 3203 περὶ
798 3142 1015 3202 ἀγροικίας
1045 3155 1091 3199 p.
1129 3144 1224 3196 126,
1263 3143 1310 3183 11
1345 3137 1594 3187 Petersen:
1638 3141 1711 3184 ’κἀὶ
1738 3141 1810 3184 τὸν
1841 3139 1948 3183 κύνα
1979 3154 2167 3197 προσκα-

359 3211 593 3271 λεσάμενος
629 3213 702 3257 καὶ
739 3213 1049 3271 ἐπιλαβόμενος
1077 3218 1152 3257 τοῦ
1173 3228 1176 3231 ⁴
1186 3212 1367 3274 ῥύγχους
1398 3212 1543 3257 εἰπεῖν·
1577 3211 1700 3261 οὗτος
1722 3211 1922 3270 φυλάττει
1941 3211 1989 3254 τὸ
2009 3209 2166 3271 χωρίον

361 3284 432 3326 καὶ
462 3285 539 3341 τὴν
573 3283 727 3328 οἰκίαν.
776 3285 875 3329 Das
905 3284 1007 3330 Lob
1039 3286 1124 3330 des
1154 3284 1468 3330 Haushundes
1498 3285 1563 3329 ist
1594 3285 1694 3329 also
1725 3284 1801 3328 ein
1830 3279 2165 3327 formelhaftes.

364 3354 609 3410 Segebade
641 3370 686 3413 p.
719 3356 850 3408 28,18
889 3357 987 3410 (der
1016 3356 1137 3401 auch
1166 3356 1430 3411 bemerkt‚
1452 3356 1561 3401 dass
1592 3368 1681 3413 que
1713 3358 1845 3400 sonst
1874 3354 1923 3397 in
1953 3353 2041 3396 den
2070 3349 2167 3394 Re—

359 3425 455 3469 den
486 3427 568 3471 der
598 3427 986 3484 Freigelassenen
1016 3426 1148 3472 nicht
1177 3426 1469 3480 vorkommt).
