2418 3762
354 267 453 317 176
984 262 1111 308 Cena
1139 262 1509 309 Trimalchionis,
2178 296 2322 338 nuche
2350 327 2353 331 ἱ

492 405 659 476 pudet
712 405 936 474 referre,
1000 422 1139 474 quae
1188 411 1462 461 secuntur:
1523 405 1763 461 inaudito
1811 406 1951 460 enim
2001 423 2146 461 more
2176 366 2267 466 ΗΡ.
2288 354 2340 395 4⁷

350 499 503 568 pueri
552 498 791 569 capillati
839 498 1131 552 attulerunt
1179 505 1508 568 unguentum
1562 501 1619 554 in
1676 504 1935 568 argentea
1988 500 2147 569 pel've

349 591 622 661 pedesque
660 591 1081 646 recumbentium
1119 597 1402 661 unxerunt,
1462 609 1580 647 cum
1627 597 1753 646 ante
1791 609 1948 646 crura
1982 592 2147 647 talos-

349 701 452 752 que
500 684 712 738 corollis
755 683 1073 738 vinxissent.
1152 684 1278 740 hinc
1330 701 1399 740 ex
1437 686 1623 741 eodem
1662 691 1933 754 unguento
1970 686 2027 739 in
2064 685 2149 739 vi-

295 786 319 827 5
350 776 558 830 narium
597 781 759 845 atque
795 777 1069 831 lucernam
1106 776 1438 846 aliquantum
1476 784 1559 833 est
1594 778 1850 832 infusum.

402 906 404 908 ψ
492 869 603 922 iam
653 874 902 939 coeperat
939 869 1231 925 Fortunata
1278 871 1425 926 velle
1478 874 1696 938 saltare,
1757 871 1864 925 iam
1902 870 2149 924 Scintilla

348 960 680 1031 frequentius
723 962 1017 1033 plaudebat
1059 980 1217 1032 quam
1252 963 1595 1033 loquebatur,
1655 981 1775 1018 cum
1822 963 2146 1017 Trimalchio

346 1049 626 1124 ‘permitto'
668 1055 844 1124 inquit
876 1051 1214 1126 ‘Philargyre
1253 1062 1307 1111 et
1343 1056 1516 1123 Cari‘0,
1571 1056 1672 1110 etsi
1708 1057 2049 1127 prasinianus
2088 1072 2147 1110 es

349 1148 610 1213 famosuS,
673 1148 758 1203 dic
797 1154 850 1202 et
884 1148 1254 1219 Menophilae,
1313 1150 1681 1205 contubernali
1717 1155 1865 1217 tuae,
1913 1150 2147 1203 discum-

268 1251 318 1292 10
349 1234 476 1294 bat'.
557 1241 684 1310 quid
732 1242 935 1295 multa‘?
983 1259 1156 1312 paene
1208 1242 1276 1297 de
1320 1242 1477 1296 lectis
1516 1241 1716 1310 deiecti,
1747 1258 1956 1310 sumus,
2010 1242 2146 1296 adeo

348 1338 513 1387 totum
573 1334 860 1388 triclinium
906 1334 1116 1388 familia
1172 1323 1540 1405 occupaverat.
1617 1340 1758 1388 certe
1815 1348 1915 1402 ego
1964 1334 2147 1388 notavi

351 1442 512 1495 super
549 1444 633 1480 me
671 1428 901 1496 positum
940 1444 1150 1495 cocum,
1206 1428 1300 1496 qui
1337 1427 1404 1482 de
1442 1443 1599 1496 porco
1636 1443 1883 1481 anserem
1921 1426 2141 1495 fecerat,

350 1519 521 1572 muria
572 1520 1030 1588 condimentisque
1080 1520 1355 1575 fetentem.
1434 1537 1534 1573 nec
1585 1524 1866 1574 contentus
1913 1519 2015 1572 fuit
2059 1535 2147 1573 re·
2185 1566 2187 1569 .

352 1612 627 1676 cumbere,
686 1613 782 1666 sed
833 1613 1083 1668 continuo
1122 1613 1394 1683 Ephesum
1447 1612 1764 1682 tragoedum
1815 1612 1990 1682 coepit
2026 1611 2147 1664 imi-

265 1714 315 1755 15
347 1703 450 1757 tari
503 1710 555 1758 et
607 1706 834 1760 subinde
885 1706 1156 1761 dominum
1207 1723 1361 1761 suum
1389 1699 1697 1775 'sponsione
1744 1721 2033 1775 provocare
2076 1699 2145 1758 ‘si

344 1797 593 1867 prasinus
630 1799 885 1869 proximis
924 1792 1248 1855 circensibus
1288 1799 1514 1869 primam
1551 1793 1822 1870 palmam³.

265 1988 327 2036 71
489 1983 718 2038 diffusus
754 1984 859 2038 hac
897 1985 1232 2040 contentione
1269 1984 1593 2039 Trimalchio
1626 1978 1842 2053 ‘amici'3
1862 1984 2036 2052 inquit
2068 1977 2147 2037 cet

347 2076 488 2130 servi
523 2076 766 2130 homines
806 2083 929 2131 sunt
967 2083 1019 2131 et
1057 2095 1228 2147 aeque
1253 2095 1416 2131 unum
1444 2078 1638 2131 lactem
1669 2078 1935 2144 biberunt,
1981 2077 2142 2130 etiam

349 2168 396 2221 si
451 2168 576 2222 illos
632 2170 805 2223 malus
862 2170 1027 2224 Fatus
1086 2171 1368 2240 oppressi-t.
1456 2160 1639 2223 tamen
1692 2187 1779 2223 me
1836 2170 1986 2223 salvo
2041 2169 2142 2222 cito

262 2278 315 2319 20
348 2277 545 2328 aquam
597 2262 822 2316 liberam
867 2261 1176 2331 gustabunt.
1259 2263 1331 2316 ad
1368 2279 1653 2330 summam,
1705 2279 1888 2316 omnes
1926 2262 2050 2315 illos
2086 2261 2143 2314 in

347 2339 663 2409 testam—ento
718 2372 836 2409 meo
892 2355 1225 2409 manumitto.
1324 2356 1641 2426 Philargyro
1703 2355 1863 2409 etiam
1918 2354 2142 2408 fundum

346 2446 468 2516 lego
517 2451 570 2500 et
617 2448 1048 2502 contubernalem
1087 2464 1265 2517 suam,
1322 2448 1536 2503 Carioni
1576 2465 1785 2517 quoque
1821 2448 2051 2502 insulam
2091 2453 2144 2502 et

457 3321 481 3362 5
513 3319 800 3378 aliquantum
831 3320 1048 3365 Biieheler
1083 3321 1310 3378 liquatum
1342 3322 1400 3365 H
1565 3322 1616 3363 19
1648 3320 1887 3378 oppressit
1914 3321 2138 3366 Bacheler

341 3391 627 3445 oppresserit
663 3393 721 3436 H
