2418 3762
868 317 1237 376 Anmerkungen
1267 331 1325 365 zu
1357 318 1426 363 58.
1948 318 2053 371 273

351 463 453 508 iam
484 460 581 507 tibi
603 486 656 493 -
678 459 1009 507 reddidissem
1043 474 1104 507 sc.
1127 461 1252 520 quod
1273 460 1432 515 debui,
1468 459 1596 519 quod
1614 459 1909 505 reddendum
1931 464 2048 506 erat.

352 533 477 579 bene
506 542 596 579 nos
627 530 886 577 habemus.
949 533 1002 574 38
1034 545 1172 590 quam
1203 532 1324 579 bene
1355 545 1407 579 se
1427 530 1620 578 habuit.

351 614 515 660 nugae
557 616 652 650 von
682 603 918 650 Personen
958 603 1077 649 auch
1109 603 1207 650 Cic.
1243 599 1344 650 Att.
1382 602 1445 648 VI
1476 603 1550 657 3,5
1589 602 1843 661 Pompejus
1874 603 2051 648 amicos

233 675 379 722 habet
408 687 559 721 meras
590 687 753 732 nugas.

350 744 517 803 plane.
581 746 647 791 Zu
678 746 729 788 41
763 745 828 802 pl.

349 815 517 873 qualis
563 816 792 863 dommus
836 814 959 862 talis
1006 816 1059 862 et
1104 827 1299 864 servus·
1378 816 1502 863 ‘Wie
1547 816 1631 862 der
1675 816 1816 870 Herr,
1869 828 1921 861 so
1962 816 2052 862 der

230 889 431 936 Knecht’
466 886 774 945 Diiringsfeld
796 887 844 933 II
874 903 920 934 n.
946 889 1044 932 640.
1079 888 1347 948 Hieronym.
1371 888 1494 947 Epp.
1522 890 1559 942 7,
1564 889 1588 930 5
1620 887 1826 946 talisque
1857 888 1921 934 sit
1951 899 2052 934 rec-

233 966 309 1007 tor
347 960 511 1019 quales
549 959 618 1005 illi
656 960 736 1017 qui
774 963 1017 1017 reguntur.
1070 959 1347 1006 Griechisch
1388 959 1537 1019 οἵαπερ
1573 959 1602 1017 ἡ
1635 958 1837 1003 δέσποινα
1864 958 1959 1002 τοία
1989 958 2048 1018 χὴ

229 1031 362 1077 κύων.
400 1032 541 1089 Diog.
572 1029 778 1078 Vindob.
812 1032 851 1085 3,
855 1032 910 1074 51
956 1030 1051 1077 Oic.
1080 1031 1185 1077 Att.
1217 1030 1261 1077 V
1294 1033 1341 1074 11
1352 1033 1410 1086 ,5.
1455 1031 1562 1077 Otto
1593 1030 1774 1077 Archiv
1804 1029 1848 1076 V
1879 1031 1957 1074 381
1995 1049 2046 1067 =

231 1103 335 1162 Spr.
371 1102 603 1156 dominus,
639 1102 734 1159 vgl.
766 1115 848 1148 rex
881 1103 919 1146 6.

347 1172 762 1220 caldicerebrius.
822 1173 888 1218 Zu
921 1176 973 1217 58
1006 1186 1045 1219 c.

346 1246 562 1292 matrem
591 1255 752 1291 meam
786 1243 1034 1302 dupundii
1063 1254 1163 1290 non
1194 1242 1327 1290 facio
1358 1244 1455 1290 und
1485 1248 1631 1290 unten
1660 1257 1795 1290 nemo
1817 1243 2048 1300 dupondii

227 1318 419 1365 evadet.
464 1317 735 1375 Hieronym.
761 1315 889 1363 Adv.
922 1317 1113 1365 Helvid.
1150 1318 1202 1360 16
1234 1318 1321 1363 col.
1354 1317 1440 1359 224
1477 1314 1602 1361 Vall.
1638 1315 1744 1374 quis
1774 1318 1823 1360 te
1853 1327 1935 1359 oro
1966 1314 2049 1359 du-

227 1390 399 1447 pondii
440 1388 765 1447 supputabat?
815 1389 972 1435 Unten
1011 1387 1223 1433 dominus
1265 1386 1642 1445 dupunduarius‚
1699 1387 1753 1429 74
1790 1386 1930 1431 homo
1972 1385 2047 1430 di-

227 1462 521 1519 pundiarius.
587 1460 745 1506 Ueber
772 1474 804 1505 u
832 1459 911 1506 fiir
940 1459 958 1504 i
990 1459 1224 1506 Guericke
1259 1461 1326 1506 12.

344 1532 503 1588 recte,
534 1530 713 1577 videbo
743 1531 795 1577 te
824 1531 878 1576 in
906 1530 1184 1588 publicum.
1244 1532 1400 1578 Unten
1429 1534 1573 1584 recte,
1616 1529 1779 1577 venies
1810 1528 1898 1575 sub
1930 1529 2047 1575 den-

227 1610 324 1652 tem
367 1607 421 1648 74
453 1607 595 1657 recte,
631 1604 808 1650 curabo
838 1615 912 1648 me
943 1604 1181 1661 unguibus
1210 1616 1424 1661 quaeras.

343 1676 398 1722 in
426 1673 705 1732 publicum.
765 1674 1002 1721 Guericke
1034 1676 1105 1719 58.

343 1747 516 1793 terrae
544 1746 715 1793 tuber.
777 1747 848 1791 Im
878 1745 1328 1805 Neapol-itanischen
1358 1745 1422 1791 ist
1442 1742 1669 1791 tartufolo
1692 1745 1769 1790 ein
1789 1743 2045 1791 Ausdruck

224 1818 300 1867 fiir
332 1820 470 1866 einen
500 1819 844 1877 geistestr'agen
875 1818 1131 1864 Menschen
1171 1818 1293 1862 nach
1325 1816 1519 1874 Ignarra
1548 1815 1621 1861 De
1653 1815 1892 1873 palaestra
1916 1816 2044 1861 Nea-

227 1892 445 1948 politana
474 1891 554 1937 bei
586 1890 790 1936 Cesareo
820 1904 865 1947 p.
900 1891 969 1934 13.

293 1972 297 1976 ·
343 1973 435 2008 nec
465 1972 669 2008 sursum
699 1972 790 2006 nec
821 1960 1055 2007 deorsum
1093 1970 1191 2005 non
1222 1959 1411 2006 cresco.
1472 1958 1626 2005 Ueber
1663 1920 1739 2004 die
1770 1959 2045 2016 Verdoppe-

202 2031 208 2036 '
226 2037 340 2091 lung
372 2033 456 2079 der
484 2032 720 2090 Negation
751 2032 1004 2079 Gruericke
1019 2033 1090 2075 58.
1123 2031 1316 2078 Sursum
1347 2055 1406 2063 -—-
1440 2031 1659 2077 deorsum
1692 2033 1758 2086 (so
1791 2030 1912 2076 auch
1944 2031 2040 2084 63):

223 2105 338 2152 Otto
369 2103 475 2161 Spr.
507 2117 704 2150 sursum.

335 2174 443 2219 nisi
471 2173 725 2220 dominum
756 2174 901 2221 tuum
930 2174 983 2218 in
1012 2173 1161 2219 rutae
1192 2171 1373 2219 folium
1405 2173 1680 2218 coniecere.
1713 2173 1780 2218 Zu
1801 2176 1855 2216 37
1887 2186 2043 2232 quem-

223 2249 299 2296 vis
331 2261 390 2294 ex
419 2247 525 2292 istis
551 2246 829 2293 babaecalis
860 2247 909 2290 in
938 2249 1074 2291 rutae
1103 2243 1268 2291 folium
1300 2244 1518 2291 coniciet.

236 2338 240 2341 >
338 2327 550 2375 parsero
581 2311 699 2364 statt
726 2330 980 2376 pepercero
1012 2317 1245 2364 Guericke
1275 2318 1347 2362 47.

338 2387 670 2436 mehercules.
730 2389 798 2434 Zu
830 2390 883 2432 33
914 2403 972 2435 m.

337 2462 506 2507 Iovem
537 2458 838 2516 Olympium.
899 2460 966 2504 Zu
997 2463 1050 2503 57
1082 2460 1229 2506 athla.

338 2531 489 2586 longe
518 2530 616 2576 tibi
646 2530 716 2576 s1t
746 2529 944 2577 comula
972 2531 1075 2577 ista
1105 2528 1293 2577 besalis
1315 2530 1368 2576 et
1389 2530 1617 2576 dominus
1639 2529 2040 2587 dupunduarius.

223 2607 385 2662 Longe
417 2616 522 2649 esse
553 2603 650 2648 und
682 2602 848 2649 abesse
880 2603 1046 2649 alicui:
1090 2603 1245 2648 nichts
1276 2601 1449 2647 helsen.
1514 2603 1649 2649 Caes.
1683 2601 1734 2648 B.
1766 2602 1824 2648 G.
1857 2603 1880 2648 I
1912 2604 1966 2646 36
1998 2603 2040 2648 si

224 2677 275 2721 id
306 2689 401 2721 non
431 2674 680 2728 fecissent,
719 2673 866 2732 -longe
904 2674 964 2721 iis
1002 2673 1255 2719 fraternum
1292 2685 1465 2723 nomen
1500 2674 1661 2731 populi
1690 2674 1893 2719 Romani
1934 2673 2040 2719 atu-

222 2752 392 2793 turum.
427 2747 568 2803 Verg.
595 2745 658 2790 A.
694 2745 788 2790 XII
820 2747 871 2787 52
905 2746 1044 2802 longe
1073 2745 1145 2790 illi
1175 2746 1266 2791 dea
1297 2749 1444 2789 mater
1473 2745 1576 2790 erit.
1612 2744 1746 2792 ovid.
1768 2744 1880 2790 Her.
1909 2745 2037 2797 12,53

219 2832 362 2876 quam
401 2818 491 2864 tibi
531 2831 655 2862 nunc
696 2818 839 2874 longe
881 2829 1076 2874 regnum
1114 2817 1276 2862 dotale
1314 2815 1537 2862 Creusae.
1602 2816 1672 2861 Id.
1707 2816 1815 2862 Met.
1855 2814 1923 2861 IV
1955 2818 2037 2860 649

220 2891 346 2938 vade
375 2890 559 2947 procul,
592 2902 652 2934 ne
682 2887 822 2945 longe
854 2887 1005 2945 gloria
1034 2900 1202 2940 rerum,
1239 2888 1386 2943 Quam
1411 2888 1636 2942 mentiris,
1674 2887 1756 2940 ait,
1790 2888 1930 2944 longe
1951 2886 2038 2933 tibi

220 2961 434 3020 Iuppiter
463 2960 599 3008 absit.
652 2959 735 3006 Sil.
766 2958 882 3005 Pun.
912 2959 1052 3005 XVII
1084 2960 1137 3002 79
1169 2958 1310 3017 longe
1341 2957 1566 3017 conjugia
1606 2971 1661 3004 ac
1692 2958 1834 3015 longe
1865 2958 2038 3016 Tyrios

220 3034 505 3092 hymenaeos
535 3033 665 3078 Inter
694 3031 960 3078 Dardanias
982 3031 1121 3077 acies
1151 3029 1268 3076 fore.
1322 3031 1446 3077 Flor.
1477 3031 1525 3076 II
1556 3033 1581 3074 2
1620 3030 1761 3087 longe
1793 3028 1888 3075 illis
1919 3043 2037 3075 nau-

219 3106 344 3150 ticae
375 3108 513 3150 artes.
573 3103 678 3159 Vgl.
709 3102 831 3148 auch
862 3102 1128 3149 JFG-ronov
1157 3103 1218 3147 ad
1248 3101 1457 3148 Senecae
1489 3101 1731 3159 Hippolyt.
1767 3103 1866 3146 974.

339 3173 537 3220 comula
567 3171 776 3219 besalis.
838 3172 966 3220 Oben
1003 3187 1060 3219 zu
1106 3186 1252 3231 caepa
1283 3174 1468 3220 cirrata.
1531 3173 1620 3219 Die
1652 3172 1925 3221 Schreibart
1954 3173 2038 3220 be-

221 3246 336 3293 salis
373 3246 470 3299 (mit
500 3245 650 3291 einem
684 3247 721 3299 s)
762 3245 827 3291 ist
854 3246 1141 3303 wenigstens
1171 3245 1249 3294 bei
1279 3245 1461 3292 Vitruv.
1499 3245 1555 3300 (V
1590 3247 1688 3297 10‚2
1719 3245 1812 3291 VII
1843 3247 1925 3299 4‚2)
1959 3246 2036 3290 die

219 3319 306 3364 der
335 3319 506 3363 besten
534 3316 917 3363 Handschriften.
978 3316 1202 3375 Georges.

336 3386 495 3444 recte,
526 3388 696 3434 venies
729 3387 822 3435 sub
856 3387 1073 3435 dentem.
1135 3389 1305 3435 Laber.
1341 3402 1418 3446 ap.
1445 3387 1562 3434 Gell.
1596 3388 1664 3434 VI
1696 3390 1768 3444 9‚4
1801 3387 2033 3442 (Ribbeck

220 3461 296 3507 Fr.
319 3460 462 3505 αοιιι.2
480 3473 527 3517 p.
555 3461 652 3515 241)
689 3460 776 3506 sub
807 3461 975 3507 dentes
1006 3461 1214 3507 mulieris
1245 3462 1353 3508 veni
1383 3461 1473 3514 bis,
1509 3463 1581 3506 ter
1611 3459 1876 3506 momordit.
1919 3460 2029 3517 Vgl.

306 3544 474 3580 Petronii
498 3545 595 3582 Cena
618 3545 908 3580 Trimalchionis.
1635 3547 1685 3587 18
