2418 3762
272 275 371 325 100
913 267 1039 313 Cena
1069 266 1442 313 Trimalchionis.
2091 297 2159 340 Ba
2161 299 2280 340 chale
2280 297 2320 339 1³

269 413 556 482 sportellae
603 411 980 481 dependebant
1026 410 1165 464 duae
1211 410 1463 480 palmulis
1501 416 1706 479 textae,
1760 410 1932 464 altera
1970 427 2063 464 ca-
2096 369 2188 467 ΗΡ.
2207 355 2260 396 27

271 506 436 574 ryotis
475 506 644 558 altera
682 503 942 558 thebaicis
980 504 1203 572 repleta.
1281 503 1420 557 circa
1457 508 1633 557 autem
1671 503 1903 557 minores
1941 520 2064 572 por-

270 598 395 652 celli
447 615 515 652 cx
565 597 983 667 coptoplacentis
1021 596 1171 663 facti,
1227 597 1381 664 quasi
1417 596 1669 650 uberibus
1706 595 2060 659 imminerent,

270 692 497 745 scrofam
546 707 664 744 esse
711 683 938 759 positam
995 688 1382 757 significabant.
1473 695 1525 742 et
1566 690 1623 742 hi
1668 688 1886 757 quidem
1933 706 2066 758 apo-

214 800 236 838 5
270 784 478 852 phoreti
517 784 748 836 fuerunt.
827 788 1059 835 ceterum
1098 781 1171 835 ad
1214 782 1563 836 scindendum
1602 798 1793 852 aprum
1829 797 1938 835 non
1972 781 2066 835 1116

269 877 474 946 Carpus
513 875 763 942 accessit,
808 875 900 943 qui
938 874 1115 928 altilia
1151 875 1509 942 laceraverat,
1561 874 1658 928 sed
1694 875 1944 928 barbatus
1981 874 2068 927 in-

268 984 417 1038 genS,
458 967 643 1022 fasciis
682 968 979 1021 cruralibus
1019 967 1273 1035 alligatus
1312 975 1364 1022 ct
1402 969 1601 1022 alicula
1630 968 1946 1021 subornatus
1972 983 2069 1035 po-

268 1062 487 1131 lymita,
539 1062 826 1129 strictoque
876 1060 1147 1115 venatorio
1186 1062 1353 1114 cultro
1391 1061 1532 1114 latus
1570 1062 1687 1130 apri
1726 1061 2069 1115 vehementer

270 1154 556 1224 percussit,
614 1171 681 1208 ex
727 1154 877 1207 cuius
921 1154 1087 1223 plaga
1134 1154 1275 1207 turdi
1328 1155 1692 1208 evolaverunt.
1757 1152 1933 1224 parati
1971 1169 2069 1206 au-

187 1263 239 1304 10
273 1263 438 1318 cupes
489 1264 609 1301 cum
657 1245 1042 1300 harundinibus
1086 1245 1302 1300 fuerunt
1352 1251 1405 1300 et
1452 1263 1544 1300 eos
1595 1247 1735 1301 circa
1778 1246 2069 1301 triclinium

270 1340 554 1396 volitantes
608 1344 874 1393 momento
925 1344 1264 1408 exceperunt.
1330 1338 1457 1392 inde
1508 1355 1627 1392 cum
1677 1355 1831 1393 suum
1879 1339 2069 1407 cuique

269 1433 519 1487 iussisset
555 1431 744 1486 referri
783 1431 1126 1500 Trimalchio,
1170 1431 1391 1484 adiecit:
1446 1426 1629 1484 ‘etiam
1665 1430 1863 1498 videte,
1908 1447 2069 1498 quam

269 1541 461 1595 porcus
511 1524 603 1578 ille
651 1524 927 1578 silvaticus
975 1524 1140 1577 lotam
1190 1523 1477 1577 comederit
1526 1518 1814 1592 glandem³.
1890 1524 2070 1578 statim

201 1627 203 1629 ’
270 1617 424 1687 pueri
461 1616 534 1671 ad
570 1616 854 1686 sportellas
891 1620 1247 1683 accesserunt,
1304 1633 1446 1684 quae
1481 1616 1790 1687 pendebant
1826 1633 1856 1670 6
1894 1615 2071 1670 denti-

186 1718 238 1760 15
268 1710 397 1779 bus,
445 1709 826 1778 thebaicasque
878 1713 931 1762 et
979 1700 1225 1778 caryotas
1272 1708 1345 1763 ad
1387 1726 1665 1763 numerum
1713 1709 1944 1783 divisere
1981 1725 2072 1763 ce-

186 1807 250 1856 41
270 1802 540 1856 nantibus.
609 1802 821 1856 interim
860 1819 985 1870 egc,
1033 1802 1126 1869 qui
1166 1802 1433 1871 privatum
1471 1802 1736 1856 habebam
1775 1818 2062 1868 secessum,

269 1896 326 1949 in
363 1895 560 1950 multas
599 1895 949 1963 cogitationes
987 1894 1248 1950 deductus
1287 1911 1419 1962 sum,
1467 1912 1630 1962 quare
1660 1911 1792 1964 aper
1816 1894 2071 1964 pilleatus

268 1988 538 2042 intrasset.
619 1993 905 2058 postquam
952 1987 1134 2054 itaque
1180 1988 1351 2041 omnis
1398 1988 1704 2042 bacalusias
1742 1988 2064 2057 consumpsi,

272 2080 461 2135 duravi
496 2081 830 2149 interrogare
867 2081 1020 2133 illum
1057 2081 1396 2149 interpretem
1438 2097 1633 2149 meum,
1677 2079 1821 2147 quod
1851 2096 1938 2133 me
1961 2085 2072 2133 tor-

188 2189 243 2231 20
273 2178 473 2242 queret.
546 2178 602 2226 at
649 2173 767 2226 ille:
820 2168 1005 2242 cplane
1057 2172 1219 2225 etiam
1266 2174 1365 2227 hoc
1415 2188 1601 2227 servus
1661 2177 1783 2238 tuus
1831 2171 2072 2226 indicare

272 2270 471 2336 potest3
520 2283 628 2320 non
665 2266 804 2319 enim
843 2265 1092 2333 aenigma
1129 2272 1225 2333 est,
1271 2265 1369 2319 sed
1405 2281 1490 2318 res
1528 2270 1728 2336 aperta.
1791 2265 1879 2318 hic
1916 2281 2063 2334 aper,

272 2374 393 2411 cum
429 2357 547 2412 heri
584 2375 790 2412 summa
827 2375 960 2412 cena
997 2375 1115 2412 eum
1155 2358 1501 2424 vindicasset,
1541 2375 1574 2411 a
1612 2357 1849 2412 convivis
1887 2357 2073 2411 dimis-

273 2467 365 2505 sus
404 2458 507 2515 3353
562 2451 744 2520 itaque
796 2451 956 2505 hodie
1001 2457 1256 2520 tanquam
1294 2452 1516 2505 libertus
1552 2451 1610 2504 in
1647 2441 1949 2505 convivium
1984 2468 2072 2504 re-

274 2538 528 2598 vertitur².
598 2544 850 2598 damnavi
899 2561 999 2613 ego
1046 2550 1318 2614 stuporem
1362 2561 1540 2597 meum
1579 2549 1633 2597 et
1667 2544 1803 2597 nihil
1839 2544 2072 2614 amplius

189 2651 244 2692 25
274 2635 618 2706 interrogavi,
661 2654 731 2691 116
769 2637 981 2691 viderer
1017 2653 1288 2705 nunquam
1325 2638 1465 2690 inter
1501 2637 1752 2691 honestos
1790 2653 2030 2691 cenasse.

394 3180 444 3220 13
475 3179 619 3225 lotam
649 3180 874 3223 Muncker
911 3183 1059 3225 totam
1092 3181 1149 3223 Η
1253 3181 1303 3223 18
1334 3180 1613 3233 bacalusias]
1646 3179 1943 3225 baucalesis‘?
1972 3179 2071 3222 Bii-

277 3249 415 3292 cheler
570 3252 620 3294 19
652 3250 821 3297 duravi
849 3251 909 3294 H
932 3251 1155 3296 Biccheler
1183 3250 1218 3293 I
1251 3252 1440 3297 decrevi
1469 3251 1711 3296 Baohezerss
1861 3251 1912 3293 19
1944 3250 2071 3308 quod

278 3320 498 3435 (Jiffaeheler
536 3322 650 3377 quid
682 3321 742 3363 H,
848 3323 901 3364 22
932 3335 1048 3367 cena
1077 3334 1180 3368 eum
1210 3322 1497 3369 vindicasset
1525 3322 1743 3368 Baebeler
1776 3334 1935 3367 cenam
1964 3322 2071 3366 vin-

312 3391 487 3437 icassct
518 3394 577 3436 H
