2418 3762
875 260 1242 319 Anmerkungen
1275 274 1333 308 zu
1365 264 1433 306 74.
1956 261 2059 314 313

245 404 358 450 chio
395 404 566 449 vinum
607 402 702 448 sub
742 413 914 449 mensa
944 404 1097 450 lussit
1127 404 1316 450 effundi
1347 429 1402 436 —
1433 404 1585 449 immo
1616 402 1823 449 anulum
1854 402 2061 449 traiecit

241 475 294 520 in
335 474 597 521 dexteram
639 485 841 519 manum
880 475 932 519 et
977 477 1092 521 ‘non
1131 476 1239 520 sinc
1270 474 1441 522 causa’
1478 476 1664 533 inquit,
1712 475 1812 520 ‘hic
1844 475 2058 521 bucinus

244 546 443 601 signum
483 545 642 600 dedit;
686 558 801 591 nam
840 547 930 592 aut
970 547 1252 592 inccndlum
1291 547 1495 604 oportet
1531 546 1624 592 ssat
1663 546 1755 593 aut
1786 545 1973 602 aliquis
2003 546 2058 591 ln

240 617 427 662 vicinia
457 617 676 662 animam
707 617 928 663 abiciet’.
979 620 1128 666 Beide
1159 620 1259 665 hier
1289 633 1370 665 zur
1400 618 1718 675 Abwendung
1748 618 1834 663 der
1863 618 2060 664 Feuers—

238 687 407 746 gefahr
445 702 539 734 von
580 688 868 735 Trimalchio
912 692 1281 748 angewendeten
1323 689 1748 748 abergliiubischen
1778 688 2057 735 Gebrauche

238 758 457 806 kommen
487 761 535 805 in
565 762 681 807 zwei
712 775 804 807 von
836 762 1053 808 Frobeen
1084 764 1275 818 Quaest.
1297 761 1492 808 Plinian.
1525 775 1649 820 spec.
1685 761 1709 805 I
1738 761 1920 818 Regim.
1945 761 2056 804 1888

236 844 282 887 p.
317 831 401 874 52*
432 830 745 890 angefiihrten
777 834 956 879 Stellen
989 835 1071 879 der
1103 835 1207 879 Nat.
1244 834 1352 880 hist.
1385 835 1468 879 des
1499 834 1680 879 Plinius
1709 846 1808 879 vor.
1844 831 2056 878 XXVIII

237 903 292 945 26
339 902 560 950 incendia
606 905 731 951 inter
778 906 940 963 epulas
998 906 1240 951 nominata
1286 907 1421 964 aquis
1467 905 1553 951 sub
1598 918 1804 951 mensam
1849 902 2054 960 perfusis

239 973 564 1021 abominamur
605 977 908 1031 (Trimalchio
946 978 1067 1023 lasst
1104 978 1245 1023 Wein
1286 978 1574 1035 ausgiessen‚
1614 979 1680 1022 ‘ut
1720 976 1797 1021 cui
1837 976 1887 1020 in
1927 975 2053 1020 omni

234 1058 284 1091 re
328 1045 737 1094 inusitatissimum
781 1049 989 1107 quidque
1035 1054 1084 1094 et
1125 1049 1253 1106 quod
1296 1049 1451 1106 possit
1494 1049 1816 1095 demonstrare
1861 1046 2056 1093 divitias

233 1129 369 1169 suas,
414 1118 478 1164 sit
509 1120 817 1175 adamatum';
862 1122 958 1178 vgl.
995 1123 1049 1163 34
1079 1122 1333 1179 vinumque
1366 1121 1539 1166 dedere
1571 1121 1620 1164 in
1646 1132 1838 1170 ‚manus;
1883 1130 2052 1176 aquam

233 1188 356 1234 enim
387 1203 523 1236 nemo
552 1191 778 1248 porrexit)
816 1191 1027 1239 XXVIII
1058 1195 1110 1235 57
1144 1193 1205 1237 ad
1235 1193 1324 1238 hoc
1357 1195 1693 1247 (sternumenta
1723 1195 1772 1236 et
1802 1190 2052 1247 singultus)

231 1261 385 1307 Varro
428 1263 598 1308 suadet
635 1263 837 1319 palmam
876 1263 923 1308 in
961 1264 1110 1309 altera
1146 1277 1285 1310 manu
1325 1264 1564 1320 scalpere,
1609 1262 1820 1321 plerique
1862 1261 2051 1307 anulum

231 1344 257 1377 e
289 1333 482 1379 sinistra
516 1335 587 1387 (zu
619 1335 672 1377 32
704 1334 914 1381 habebat
951 1335 1094 1380 etiam
1124 1338 1227 1389 etc.)
1267 1335 1316 1379 in
1352 1334 1674 1392 longissimum
1704 1334 1900 1380 dextrae
1931 1332 2052 1389 digi-

232 1408 330 1449 tum
363 1403 632 1459 transferre,
668 1406 716 1450 in
747 1417 916 1464 aquam
947 1405 1207 1452 ferventem
1237 1420 1401 1453 manus
1430 1419 1655 1464 mergere.

347 1475 483 1522 dicto
514 1476 686 1522 citius.
751 1479 832 1520 131
868 1477 997 1524 dicto
1030 1479 1169 1524 citius
1199 1479 1331 1526 nervi
1362 1481 1617 1536 paruerunt
1649 1476 1830 1523 Seneca
1849 1475 2046 1533 Apocol.

231 1548 332 1601 13‚2
383 1548 488 1595 Liv.
523 1548 688 1593 XXIII
718 1550 817 1603 47,6
862 1549 1009 1603 (dicto
1045 1563 1191 1608 prope
1223 1551 1378 1604 citius)
1429 1548 1573 1607 Verg.
1606 1548 1665 1595 A.
1697 1549 1720 1593 I
1753 1549 1835 1591 142
1884 1546 2046 1592 Horat.

226 1618 271 1664 S.
303 1617 350 1662 II
380 1621 483 1673 2‚80
534 1619 769 1665 Ammian.
803 1621 947 1666 Marc.
983 1621 1119 1667 XVII
1153 1623 1253 1677 18‚4
1285 1621 1397 1667 Otto
1437 1621 1541 1678 Spr.
1574 1620 1728 1667 dicere
1761 1622 1800 1664 5.
1842 1619 2043 1665 Phaedr.

225 1688 349 1748 App.
385 1691 482 1744 8,28
515 1692 643 1738 dicto
675 1693 887 1737 celerius.

342 1760 402 1806 ut
432 1772 556 1808 aeno
587 1762 759 1809 coctus
789 1763 954 1810 fleret.
997 1766 1064 1810 Zu
1094 1767 1146 1807 47
1181 1777 1319 1824 quem
1353 1789 1404 1797 —
1438 1777 1497 1810 ex
1527 1765 1596 1810 eis
1626 1764 1772 1810 vultis
1804 1763 1852 1807 in
1881 1775 2043 1808 cenam

223 1834 386 1878 statim
416 1833 531 1880 fieri.

339 1903 618 1952 laceratus.
680 1907 747 1952 Zu
779 1909 832 1950 36
863 1907 1094 1956 laceravit
1122 1908 1382 1955 obsonium.

340 1977 556 2034 sumptis
597 1978 762 2034 igitur
798 1979 1024 2025 matteIS.
1085 1981 1239 2038 Igitur
1283 1979 1439 2027 macht
1483 1980 1586 2026 hier
1631 1979 1722 2025 den
1759 1977 2044 2035 Uebergang

224 2048 344 2092 nach
376 2049 506 2094 einer
536 2050 856 2109 Auslassung,
899 2053 989 2097 wie
1030 2056 1164 2099 sonst
1202 2066 1324 2110 ergo.
1387 2052 1454 2096 Zu
1486 2053 1535 2094 31
1572 2051 1764 2096 tandem
1795 2062 1910 2107 ergo
1940 2049 2041 2094 dis-

222 2118 479 2166 cubuimus.

337 2190 565 2238 matteis.
628 2193 695 2238 Zu
726 2195 780 2238 65
811 2194 931 2240 hanc
962 2196 1302 2242 humanitatem
1332 2195 1577 2242 insecutae
1609 2197 1719 2239 sunt
1747 2195 1968 2239 matteae.

337 2261 497 2307 subiit
527 2263 694 2318 igitur
724 2265 829 2311 alia
860 2266 1061 2313 classis·
1123 2267 1291 2314 Subire
1329 2267 1452 2313 ohne
1483 2267 1653 2313 Zusatz
1690 2278 1784 2311 von
1815 2265 1899 2310 der
1930 2263 2036 2309 Ab·

219 2332 390 2391 losung
421 2335 541 2380 auch
571 2336 771 2383 Martial.
803 2338 848 2382 X
878 2340 977 2393 48‚2
1010 2343 1059 2385 et
1088 2339 1240 2397 pilata
1272 2340 1398 2384 redit
1423 2340 1545 2397 jam,
1591 2337 1831 2395 subiitque
1865 2336 2037 2382 cohors

216 2405 302 2451 mit
330 2406 509 2451 meiner
535 2406 675 2452 Anm.

333 2475 447 2521 vale
480 2474 573 2522 Gai
603 2503 656 2510 —
690 2490 780 2524 ave
812 2478 923 2525 Gai.
984 2481 1051 2526 Zu
1082 2482 1136 2524 30
1169 2481 1218 2527 C.
1251 2488 1426 2528 noster.

332 2546 573 2594 hilaritas
605 2550 801 2597 nostra.
864 2554 930 2597 Zu
962 2554 1016 2595 39
1047 2552 1314 2611 hilaresque
1346 2554 1587 2600 convivae.

331 2630 460 2675 puer
489 2630 588 2665 non
618 2621 930 2678 inspeciosus
962 2624 1051 2670 wie
1081 2627 1134 2667 41
1167 2638 1285 2683 puer
1315 2625 1578 2682 speciosus.

331 2692 414 2735 ‘ex
454 2701 613 2746 aequo
651 2693 732 2739 ius
769 2693 990 2740 firmum'
1037 2696 1130 2743 wol
1180 2697 1285 2743 eine
1326 2696 1728 2754 sprichwortliche
1766 2696 2034 2743 Redensart

214 2762 331 2808 oder
362 2763 619 2818 bekannte‚
653 2765 896 2811 vielleicht
919 2768 1197 2825 Juristische
1229 2768 1444 2815 Sentenz.

330 2834 740 2890 purgamentum.
773 2836 964 2884 Curtius
995 2839 1064 2885 VI
1097 2841 1145 2882 11
1180 2845 1489 2899 purgamenta
1521 2853 1763 2886 servorum
1794 2841 1839 2886 X
1863 2842 1887 2883 2
1918 2854 2032 2899 pur-

210 2911 432 2962 gamenta
463 2909 701 2965 quondam
731 2909 864 2955 urbis
896 2923 1010 2956 suae
1060 2911 1203 2969 Vulg.
1237 2912 1437 2970 Interpr.
1471 2911 1495 2956 I
1526 2912 1632 2958 Cor.
1667 2914 1766 2968 4,13
1806 2918 2030 2971 tanquam

212 2983 523 3034 purgamenta
553 2980 694 3038 hujus
725 2981 884 3026 mundi
914 2981 1029 3028 facti
1061 2995 1233 3030 sumus.

333 3049 470 3094 canis
502 3050 573 3095 als
607 3050 936 3111 Schimpfwort
977 3054 1165 3102 Terent.
1195 3056 1314 3102 Eun.
1348 3059 1432 3101 803
1464 3057 1541 3103 ain
1572 3070 1700 3109 vero,
1736 3057 1901 3103 canis?
1931 3060 2023 3101 etc.

209 3118 320 3166 Otto
351 3120 452 3178 Spr.
486 3123 619 3168 canis
653 3125 689 3167 1.
1583 3128 1588 3132 “

329 3191 615 3238 ambubaia.
676 3194 787 3251 Vgl.
820 3195 1062 3255 Kiessling
1092 3211 1152 3244 zu
1181 3199 1344 3245 Horat.
1378 3201 1423 3247 S.
1454 3200 1502 3245 II
1536 3203 1620 3254 1,1.

326 3262 387 3306 de
423 3264 655 3311 machlna
695 3264 842 3311 illam
887 3268 1095 3315 sustuli.
1155 3270 1212 3314 D.
1244 3271 1288 3317 h.
1319 3285 1414 3317 von
1454 3271 1539 3318 der
1575 3275 1784 3324 catasta,
1833 3270 1919 3316 auf
1944 3271 2029 3315 der

214 3332 291 3379 die
334 3335 545 3383 Sklaven
584 3351 689 3383 zum
725 3337 945 3386 Verkauf
981 3343 1261 3400 ausgestellt
1300 3343 1510 3389 wurden.
1582 3342 1857 3402 Marquardt
1892 3343 1971 3387 Prl
2001 3342 2027 3386 Ι

214 3405 380 3462 171,11.
423 3406 579 3462 Quint.
602 3408 701 3455 Cic.
727 3410 786 3455 de
815 3415 910 3468 pet.
947 3424 1077 3459 cons.
1111 3414 1160 3459 11
1191 3417 1216 3458 8
1250 3415 1445 3460 amicam
1467 3439 1518 3448 —
1544 3415 1603 3461 de
1633 3414 1864 3461 machinis
1895 3413 2022 3459 emit.
