2366 3756
235 257 303 309 80
872 253 999 299 Cena
1028 253 1399 300 Trimalchionis.
2063 289 2129 328 Bu
2132 288 2183 330 ch
2186 289 2226 330 01
2236 308 2252 325 -..
2276 298 2292 313 Δ.

148 439 203 446 -.-
232 402 343 450 tum
395 411 566 465 suum,
627 403 842 466 propter
895 396 1037 465 quod
1092 332 1510 467 psamcliltaretur
1573 398 1833 455 subducta
1889 402 2031 455 enim
2064 358 2161 458 HPL
2177 346 2224 388 21

233 488 338 542 sibi
374 489 699 544 vestimenta
724 488 1112 558 dispensatoris
1146 489 1204 542 in
1239 489 1450 558 balne0,
1495 507 1636 560 quae
1672 491 1766 546 vix
1803 492 2033 548 fuissent

232 581 418 636 decem
462 574 867 636 sestertiorum.'
910 581 1211 636 rettulimus
1257 598 1383 651 ergo
1432 581 1650 638 dextros
1698 585 1868 655 pedes
1919 585 2031 641 dis-

230 679 672 744 pensatoremque
724 675 781 728 in
818 675 953 730 atrio
990 690 1182 729 aureos
1218 680 1585 732 numerantem
1625 676 1901 747 deprecati
1939 696 2030 733 su-

173 779 197 818 5
231 782 363 834 mus,
408 771 467 820 ut
502 783 655 821 servo
702 768 997 822 remitteret
1044 784 1292 838 poenam.
1366 770 1627 838 superbus
1675 770 1770 824 ille
1816 772 2031 825 sustulit

229 859 434 912 vultum
474 864 527 913 et
559 855 688 914 ‘non
731 865 841 914 tam
891 861 1099 915 iactura
1146 877 1232 915 me
1275 856 1469 916 movet'
1510 862 1683 931 inquit
1707 859 1894 932 ‘quam
1932 881 2029 919 ne-

227 951 491 1020 gligentia
545 952 862 1021 nequissimi
917 953 1076 1008 servi.
1153 954 1474 1009 vestimenta
1527 973 1652 1010 mea
1705 955 2029 1011 accubitoria

227 1043 475 1114 perdidit,
529 1061 667 1114 quae
715 1046 847 1099 mihi
882 1046 1050 1100 natali
1086 1063 1205 1101 meo
1253 1048 1420 1102 cliens
1458 1048 1676 1117 quidam
1713 1048 2021 1112 donaverat,

144 1136 205 1187 31
228 1136 394 1207 Tyria
441 1138 558 1192 sine
606 1137 782 1206 dubio,
831 1138 929 1193 sed
981 1139 1089 1193 iam
1143 1140 1311 1195 semel
1357 1141 1486 1196 lota.
1567 1141 1699 1210 quid
1748 1159 1874 1211 ergo
1912 1145 2029 1197 est?

144 1242 197 1284 10
229 1229 366 1283 dono
403 1230 557 1284 vobis
597 1225 754 1285 eum².

370 1323 593 1392 obligati
629 1329 739 1378 tam
777 1325 970 1394 grandi
1005 1323 1268 1380 beneflcio
1306 1343 1427 1380 cum
1475 1326 1822 1380 intrassemus
1859 1327 2026 1381 tricli-

224 1415 389 1484 nium,
436 1416 664 1470 occurrit
700 1417 853 1472 nobis
890 1418 997 1500 ille
1023 1417 1167 1471 idem
1207 1434 1412 1486 servuS,
1463 1434 1558 1486 pro
1598 1435 1701 1486 quo
1738 1435 2027 1488 rogavera-

225 1524 359 1576 muS,
405 1514 458 1562 et
484 1510 820 1578 stupentibus
847 1494 1175 1579 spississima
1199 1511 1352 1564 basia
1375 1511 1601 1581 impegit
1626 1511 1830 1580 gratias
1856 1528 2026 1581 agens

226 1600 545 1654 humanitati
583 1608 813 1656 nostrae.
889 1597 984 1656 ‘ad
1022 1620 1299 1671 summam,
1356 1604 1538 1658 statim
1575 1598 1768 1658 scietis'
1809 1605 1886 1659 ait
1919 1599 2026 1659 cui

140 1699 192 1740 15
224 1692 476 1747 dederitis
540 1694 874 1749 beneficium.
995 1696 1177 1750 vinum
1252 1695 1577 1751 dominicum
1651 1696 2025 1752 ministratoris

222 1786 397 1854 gratia
435 1782 526 1841 est²

1110 1933 1139 1960 *-

360 2085 577 2140 tandem
617 2104 742 2156 ergo
781 2087 1159 2143 discubuimus
1185 2089 1366 2159 pueris
1404 2089 1788 2144 Alexandrinis
1825 2107 2022 2158 aquam

218 2179 274 2231 in
311 2195 502 2233 manus
539 2180 774 2257 nivatam
815 2180 1224 2237 infundentibus
1241 2183 1479 2251 aliisque
1503 2183 1912 2252 insequentibus
1947 2184 2021 2238 ad

217 2271 385 2340 pedes
434 2289 499 2326 ac
543 2252 872 2342 paronychia
921 2291 1041 2328 cum
1092 2274 1297 2343 ingenti
1345 2275 1672 2330 subtilitate
1684 2276 2014 2331 tollentibus

133 2376 188 2419 20
221 2381 285 2418 ac
322 2380 390 2417 ne
434 2364 491 2418 in
540 2366 639 2420 hoc
687 2367 902 2435 quidem
949 2372 1060 2420 tam
1107 2367 1332 2422 molesto
1379 2370 1630 2423 tacebant
1673 2368 1866 2437 officie,
1921 2370 2020 2423 sed

219 2456 390 2511 obiter
426 2459 735 2512 cantabant.
772 2507 777 2513 .
815 2475 915 2529 ego
942 2460 1174 2529 experiri
1199 2461 1360 2528 volui,
1404 2478 1474 2515 an
1497 2466 1608 2515 tota
1643 2460 1851 2516 familia
1888 2479 2019 2516 can-

217 2552 373 2617 taret,
425 2549 607 2618 itaque
655 2551 923 2619 potionem
967 2553 1203 2623 poposci.
1295 2553 1670 2623 paratissimus
1724 2570 1859 2624 puer
1911 2571 2018 2608 non
2047 2574 2236 2614 Buchele
2263 2578 2279 2598 ΣΞ
2348 2543 2349 2561 ¹

217 2635 392 2695 minus
430 2643 700 2696 metacido
739 2645 944 2698 cantico
984 2645 1208 2715 excepit,
1253 2651 1308 2700 et
1331 2645 1574 2715 quisquis
1596 2647 1816 2716 ¹aliquid
1858 2664 2018 2717 roga-
2095 2644 2139 2683 P·
2160 2629 2215 2671 ²²

330 2952 358 2991 4
389 2950 438 2993 in
474 2949 594 2994 atrio
633 2950 854 2994 Bacheler
899 2951 948 2995 in
985 2953 1197 3008 precario
1238 2952 1347 2997 HL.
1401 2953 1820 3009 inpraesentiarum
1858 2954 2016 2999 Haase

220 3021 414 3064 Miscell.
439 3021 598 3078 philol.
634 3022 736 3064 III
759 3028 866 3066 1861
893 3037 944 3079 p.
972 3028 1040 3066 19.
1210 3025 1232 3064 7
1264 3023 1554 3070 accubitoria
1584 3025 1767 3082 Lipsius
1796 3026 2015 3070 Heinsius

219 3091 451 3136 cubitoria
484 3093 582 3136 HL
611 3093 834 3137 Racheler
930 3094 955 3136 8
987 3093 1132 3138 cliens
1161 3095 1350 3151 quidam
1381 3096 1644 3141 donaverat
1672 3099 1733 3141 H
1757 3097 2016 3142 donaverat

217 3162 360 3206 cliens
393 3164 583 3220 quidam
614 3165 657 3208 L
818 3166 869 3207 10
902 3178 1007 3209 eum
1027 3166 1152 3224 fehlt
1179 3165 1229 3209 in
1258 3167 1301 3210 L
1459 3168 1511 3209 13
1543 3167 1841 3226 stupentibus
1871 3168 2015 3212 hinter

217 3232 351 3276 basia
381 3234 429 3276 in
461 3236 503 3278 L
625 3237 677 3278 14
701 3232 782 3280 ‘ad
811 3249 1047 3291 summam,
1079 3237 1241 3282 statim
1271 3235 1457 3294 scietis']
1493 3240 1554 3284 ad
1585 3252 1806 3286 summam
1830 3235 2012 3284 ‘statim

217 3302 385 3350 scietis'
422 3306 664 3350 Rachelerss
819 3308 870 3349 19
900 3308 1050 3363 pedes
1080 3321 1136 3353 ac
1167 3309 1210 3352 L
1247 3309 1414 3365 ped...
1447 3311 1508 3355 ad
1537 3309 1597 3352 H
1637 3312 1697 3354 ad
1724 3310 1898 3367 pedum
1928 3323 2011 3355 cu-

216 3387 312 3419 ram
345 3376 452 3419 oder
481 3377 541 3421 ad
570 3379 716 3433 pedes
747 3379 982 3425 curandos
1013 3380 1228 3424 Heinsius
1315 3381 1366 3424 21
1401 3393 1489 3438 ego
1521 3381 1618 3426 HL
1656 3393 1769 3437 ergo
1795 3381 2012 3425 Heinsius
