<?xml version="1.0" encoding="UTF-8"?>
<!DOCTYPE html PUBLIC "-//W3C//DTD XHTML 1.0 Transitional//EN"
    "http://www.w3.org/TR/xhtml1/DTD/xhtml1-transitional.dtd">
<html xmlns="http://www.w3.org/1999/xhtml" xml:lang="en" lang="en">
 <head>
  <title>
</title>
<meta http-equiv="Content-Type" content="text/html;charset=utf-8" />
  <meta name='ocr-system' content='tesseract 3.04.00' />
  <meta name='ocr-capabilities' content='ocr_page ocr_carea ocr_par ocr_line ocrx_word'/>
</head>
<body>
  <div class='ocr_page' id='page_1' title='image "./petroniicenatrim00petruoft_0104.png"; bbox 0 0 2418 3762; ppageno 0'>
   <div class='ocr_carea' id='block_1_1' title="bbox 275 255 1446 310">
    <p class='ocr_par' dir='ltr' id='par_1_1' title="bbox 275 255 1446 310">
     <span class='ocr_line' id='line_1_1' title="bbox 275 255 1446 310; baseline 0 -6"><span class='ocrx_word' id='word_1_1' title='bbox 275 261 343 310; x_wconf 90' lang='grc'><strong>94</strong></span> <span class='ocrx_word' id='word_1_2' title='bbox 913 256 1041 303; x_wconf 81' lang='lat' dir='ltr'><strong>Cena</strong></span> <span class='ocrx_word' id='word_1_3' title='bbox 1070 255 1446 305; x_wconf 56' lang='lat' dir='ltr'><strong>Trimalchioni&amp;</strong></span> 
     </span>
    </p>
   </div>
   <div class='ocr_carea' id='block_1_2' title="bbox 272 399 2079 748">
    <p class='ocr_par' dir='ltr' id='par_1_2' title="bbox 272 399 2079 748">
     <span class='ocr_line' id='line_1_2' title="bbox 272 399 2075 468; baseline 0.001 -14"><span class='ocrx_word' id='word_1_4' title='bbox 272 399 427 454; x_wconf 88' lang='lat' dir='ltr'><strong>vides</strong></span> <span class='ocrx_word' id='word_1_5' title='bbox 471 399 624 453; x_wconf 88' lang='lat' dir='ltr'><strong>illum</strong></span> <span class='ocrx_word' id='word_1_6' title='bbox 671 399 763 468; x_wconf 91' lang='lat' dir='ltr'><strong>qui</strong></span> <span class='ocrx_word' id='word_1_7' title='bbox 811 400 868 453; x_wconf 90' lang='lat' dir='ltr'><strong>in</strong></span> <span class='ocrx_word' id='word_1_8' title='bbox 904 399 1011 453; x_wconf 91' lang='lat' dir='ltr'><strong>imo</strong></span> <span class='ocrx_word' id='word_1_9' title='bbox 1047 399 1186 454; x_wconf 91' lang='lat' dir='ltr'><strong>imus</strong></span> <span class='ocrx_word' id='word_1_10' title='bbox 1222 399 1513 455; x_wconf 76' lang='lat' dir='ltr'><strong>recumbit:</strong></span> <span class='ocrx_word' id='word_1_11' title='bbox 1570 400 1731 455; x_wconf 85' lang='lat' dir='ltr'><strong>hodie</strong></span> <span class='ocrx_word' id='word_1_12' title='bbox 1769 417 1868 454; x_wconf 89' lang='lat' dir='ltr'><strong>sua</strong></span> <span class='ocrx_word' id='word_1_13' title='bbox 1904 401 2075 456; x_wconf 87' lang='lat' dir='ltr'><strong>octin-</strong></span> 
     </span>
     <span class='ocr_line' id='line_1_3' title="bbox 273 491 2077 562; baseline 0.001 -16"><span class='ocrx_word' id='word_1_14' title='bbox 273 498 437 561; x_wconf 80' lang='lat' dir='ltr'>genta</span> <span class='ocrx_word' id='word_1_15' title='bbox 487 492 743 562; x_wconf 79' lang='lat' dir='ltr'><strong>possidet.</strong></span> <span class='ocrx_word' id='word_1_16' title='bbox 821 492 888 546; x_wconf 89' lang='lat' dir='ltr'><strong>de</strong></span> <span class='ocrx_word' id='word_1_17' title='bbox 930 491 1100 546; x_wconf 86' lang='lat' dir='ltr'>nihilo</span> <span class='ocrx_word' id='word_1_18' title='bbox 1139 492 1322 547; x_wconf 87' lang='lat' dir='ltr'><strong>crevit.</strong></span> <span class='ocrx_word' id='word_1_19' title='bbox 1363 492 1522 548; x_wconf 87' lang='lat' dir='ltr'><strong>modo</strong></span> <span class='ocrx_word' id='word_1_20' title='bbox 1561 493 1766 547; x_wconf 81' lang='lat' dir='ltr'>solebat</span> <span class='ocrx_word' id='word_1_21' title='bbox 1804 493 1942 548; x_wconf 89' lang='lat' dir='ltr'><strong>collo</strong></span> <span class='ocrx_word' id='word_1_22' title='bbox 1980 509 2077 548; x_wconf 86' lang='lat' dir='ltr'><strong>suo</strong></span> 
     </span>
     <span class='ocr_line' id='line_1_4' title="bbox 273 583 2079 655; baseline 0.001 -17"><span class='ocrx_word' id='word_1_23' title='bbox 273 585 424 654; x_wconf 84' lang='lat' dir='ltr'><strong>ligna</strong></span> <span class='ocrx_word' id='word_1_24' title='bbox 461 590 693 654; x_wconf 88' lang='lat' dir='ltr'><strong>portare.</strong></span> <span class='ocrx_word' id='word_1_25' title='bbox 750 584 847 639; x_wconf 85' lang='lat' dir='ltr'><strong>sed.</strong></span> <span class='ocrx_word' id='word_1_26' title='bbox 883 584 1146 653; x_wconf 89' lang='lat' dir='ltr'><strong>quomodo</strong></span> <span class='ocrx_word' id='word_1_27' title='bbox 1186 583 1369 640; x_wconf 86' lang='lat' dir='ltr'><strong>dicunt</strong></span> <span class='ocrx_word' id='word_1_28' title='bbox 1407 617 1471 625; x_wconf 94' lang='lat'>—</span> <span class='ocrx_word' id='word_1_29' title='bbox 1512 602 1610 655; x_wconf 85' lang='lat' dir='ltr'><strong>ego</strong></span> <span class='ocrx_word' id='word_1_30' title='bbox 1647 586 1784 639; x_wconf 89' lang='lat' dir='ltr'><strong>nihil</strong></span> <span class='ocrx_word' id='word_1_31' title='bbox 1810 587 1938 653; x_wconf 89' lang='lat' dir='ltr'><strong>scio,</strong></span> <span class='ocrx_word' id='word_1_32' title='bbox 1983 586 2079 640; x_wconf 83' lang='lat' dir='ltr'><strong>sed</strong></span> 
     </span>
     <span class='ocr_line' id='line_1_5' title="bbox 273 677 2079 748; baseline 0.001 -17"><span class='ocrx_word' id='word_1_33' title='bbox 273 677 457 732; x_wconf 86' lang='lat' dir='ltr'><strong>audivi</strong></span> <span class='ocrx_word' id='word_1_34' title='bbox 505 708 576 716; x_wconf 93' lang='lat'>—</span> <span class='ocrx_word' id='word_1_35' title='bbox 625 683 802 745; x_wconf 67' lang='lat' dir='ltr'><strong>quoni</strong></span> <span class='ocrx_word' id='word_1_36' title='bbox 829 677 1087 731; x_wconf 79' lang='lat' dir='ltr'><strong>Incuboni</strong></span> <span class='ocrx_word' id='word_1_37' title='bbox 1136 677 1358 747; x_wconf 92' lang='lat' dir='ltr'><strong>pilleum</strong></span> <span class='ocrx_word' id='word_1_38' title='bbox 1395 679 1682 748; x_wconf 72' lang='lat' dir='ltr'><strong>rapuisset,</strong></span> <span class='ocrx_word' id='word_1_39' title='bbox 1734 680 1820 747; x_wconf 87' lang='lat' dir='ltr'><strong>[et]</strong></span> <span class='ocrx_word' id='word_1_40' title='bbox 1858 680 2079 734; x_wconf 89' lang='lat' dir='ltr'><strong>thesau-</strong></span> 
     </span>
    </p>
   </div>
   <div class='ocr_carea' id='block_1_3' title="bbox 219 770 2073 839">
    <p class='ocr_par' dir='ltr' id='par_1_3' title="bbox 219 770 2073 839">
     <span class='ocr_line' id='line_1_6' title="bbox 219 770 2073 839; baseline -0.001 -15"><span class='ocrx_word' id='word_1_41' title='bbox 219 783 243 824; x_wconf 88' lang='lat'>5</span> <span class='ocrx_word' id='word_1_42' title='bbox 275 786 391 824; x_wconf 92' lang='lat' dir='ltr'><strong>rum</strong></span> <span class='ocrx_word' id='word_1_43' title='bbox 441 770 668 824; x_wconf 88' lang='lat' dir='ltr'><strong>invenit.</strong></span> <span class='ocrx_word' id='word_1_44' title='bbox 755 787 854 839; x_wconf 82' lang='lat' dir='ltr'><strong>ego</strong></span> <span class='ocrx_word' id='word_1_45' title='bbox 904 770 1104 824; x_wconf 90' lang='lat' dir='ltr'><strong>nemini</strong></span> <span class='ocrx_word' id='word_1_46' title='bbox 1151 770 1388 839; x_wconf 84' lang='lat' dir='ltr'><strong>invideo,</strong></span> <span class='ocrx_word' id='word_1_47' title='bbox 1445 771 1491 825; x_wconf 91' lang='lat' dir='ltr'><strong>si</strong></span> <span class='ocrx_word' id='word_1_48' title='bbox 1537 771 1667 839; x_wconf 86' lang='lat' dir='ltr'><strong>quid</strong></span> <span class='ocrx_word' id='word_1_49' title='bbox 1718 771 1853 825; x_wconf 86' lang='lat' dir='ltr'><strong>deus</strong></span> <span class='ocrx_word' id='word_1_50' title='bbox 1907 772 2073 826; x_wconf 79' lang='lat' dir='ltr'><strong>dedit.</strong></span> 
     </span>
    </p>
   </div>
   <div class='ocr_carea' id='block_1_4' title="bbox 188 1246 238 1287">
    <p class='ocr_par' dir='ltr' id='par_1_4' title="bbox 188 1246 238 1287">
     <span class='ocr_line' id='line_1_7' title="bbox 188 1246 238 1287; baseline 0.02 -1"><span class='ocrx_word' id='word_1_51' title='bbox 188 1246 238 1287; x_wconf 89' lang='lat'><strong>10</strong></span> 
     </span>
    </p>
   </div>
   <div class='ocr_carea' id='block_1_5' title="bbox 186 1709 238 1749">
    <p class='ocr_par' dir='ltr' id='par_1_5' title="bbox 186 1709 238 1749">
     <span class='ocr_line' id='line_1_8' title="bbox 186 1709 238 1749; baseline 0 0"><span class='ocrx_word' id='word_1_52' title='bbox 186 1709 238 1749; x_wconf 87' lang='grc'><strong>15</strong></span> 
     </span>
    </p>
   </div>
   <div class='ocr_carea' id='block_1_6' title="bbox 186 2179 240 2220">
    <p class='ocr_par' dir='ltr' id='par_1_6' title="bbox 186 2179 240 2220">
     <span class='ocr_line' id='line_1_9' title="bbox 186 2179 240 2220; baseline 0.019 -1"><span class='ocrx_word' id='word_1_53' title='bbox 186 2179 240 2220; x_wconf 86' lang='grc'><strong>20</strong></span> 
     </span>
    </p>
   </div>
   <div class='ocr_carea' id='block_1_7' title="bbox 268 862 2082 1579">
    <p class='ocr_par' dir='ltr' id='par_1_7' title="bbox 268 862 2082 1579">
     <span class='ocr_line' id='line_1_10' title="bbox 271 862 2079 933; baseline 0.001 -17"><span class='ocrx_word' id='word_1_54' title='bbox 271 867 355 916; x_wconf 91' lang='lat' dir='ltr'><strong>est</strong></span> <span class='ocrx_word' id='word_1_55' title='bbox 400 867 583 917; x_wconf 91' lang='lat' dir='ltr'><strong>tamen</strong></span> <span class='ocrx_word' id='word_1_56' title='bbox 627 863 727 917; x_wconf 89' lang='lat' dir='ltr'><strong>sub</strong></span> <span class='ocrx_word' id='word_1_57' title='bbox 774 862 937 932; x_wconf 90' lang='lat' dir='ltr'><strong>alapa</strong></span> <span class='ocrx_word' id='word_1_58' title='bbox 975 868 1027 916; x_wconf 94' lang='lat' dir='ltr'><strong>et</strong></span> <span class='ocrx_word' id='word_1_59' title='bbox 1062 880 1168 918; x_wconf 91' lang='lat' dir='ltr'><strong>non</strong></span> <span class='ocrx_word' id='word_1_60' title='bbox 1205 865 1322 918; x_wconf 90' lang='lat' dir='ltr'><strong>vult</strong></span> <span class='ocrx_word' id='word_1_61' title='bbox 1360 863 1463 917; x_wconf 90' lang='lat' dir='ltr'><strong>sibi</strong></span> <span class='ocrx_word' id='word_1_62' title='bbox 1502 864 1663 917; x_wconf 90' lang='lat' dir='ltr'><strong>male.</strong></span> <span class='ocrx_word' id='word_1_63' title='bbox 1729 863 1916 931; x_wconf 86' lang='lat' dir='ltr'><strong>itaque</strong></span> <span class='ocrx_word' id='word_1_64' title='bbox 1953 881 2079 933; x_wconf 86' lang='lat' dir='ltr'><strong>pro-</strong></span> 
     </span>
     <span class='ocr_line' id='line_1_11' title="bbox 269 954 2078 1027; baseline 0.002 -20"><span class='ocrx_word' id='word_1_65' title='bbox 269 954 413 1008; x_wconf 83' lang='lat' dir='ltr'><strong>xime</strong></span> <span class='ocrx_word' id='word_1_66' title='bbox 454 956 617 1009; x_wconf 80' lang='lat' dir='ltr'><strong>÷cum</strong></span> <span class='ocrx_word' id='word_1_67' title='bbox 655 955 756 1010; x_wconf 92' lang='lat' dir='ltr'><strong>hoc</strong></span> <span class='ocrx_word' id='word_1_68' title='bbox 792 955 947 1010; x_wconf 88' lang='lat' dir='ltr'><strong>titulo</strong></span> <span class='ocrx_word' id='word_1_69' title='bbox 983 955 1315 1027; x_wconf 82' lang='lat' dir='ltr'><strong>proscripsit:</strong></span> <span class='ocrx_word' id='word_1_70' title='bbox 1362 955 1462 1009; x_wconf 78' lang='lat' dir='ltr'><strong>“O.</strong></span> <span class='ocrx_word' id='word_1_71' title='bbox 1490 956 1778 1025; x_wconf 92' lang='lat' dir='ltr'><strong>Pompeius</strong></span> <span class='ocrx_word' id='word_1_72' title='bbox 1803 955 2078 1025; x_wconf 85' lang='lat' dir='ltr'><strong>Diogenes</strong></span> 
     </span>
     <span class='ocr_line' id='line_1_12' title="bbox 271 1047 2078 1119; baseline -0.001 -17"><span class='ocrx_word' id='word_1_73' title='bbox 271 1064 336 1102; x_wconf 89' lang='lat' dir='ltr'><strong>ex</strong></span> <span class='ocrx_word' id='word_1_74' title='bbox 384 1047 638 1102; x_wconf 86' lang='lat' dir='ltr'><strong>kalendis</strong></span> <span class='ocrx_word' id='word_1_75' title='bbox 684 1047 838 1102; x_wconf 89' lang='lat' dir='ltr'><strong>Iuliis</strong></span> <span class='ocrx_word' id='word_1_76' title='bbox 892 1049 1211 1103; x_wconf 88' lang='lat' dir='ltr'><strong>cenaculum</strong></span> <span class='ocrx_word' id='word_1_77' title='bbox 1259 1049 1424 1115; x_wconf 90' lang='lat' dir='ltr'><strong>locat;</strong></span> <span class='ocrx_word' id='word_1_78' title='bbox 1485 1049 1604 1119; x_wconf 90' lang='lat' dir='ltr'><strong>ipse</strong></span> <span class='ocrx_word' id='word_1_79' title='bbox 1662 1048 1804 1102; x_wconf 89' lang='lat' dir='ltr'><strong>enim</strong></span> <span class='ocrx_word' id='word_1_80' title='bbox 1862 1049 2078 1102; x_wconf 87' lang='lat' dir='ltr'><strong>domum</strong></span> 
     </span>
     <span class='ocr_line' id='line_1_13' title="bbox 271 1139 2078 1210; baseline 0.001 -16"><span class='ocrx_word' id='word_1_81' title='bbox 271 1140 452 1195; x_wconf 84' lang='lat' dir='ltr'><strong>emit&#39;’.</strong></span> <span class='ocrx_word' id='word_1_82' title='bbox 536 1139 667 1209; x_wconf 87' lang='lat' dir='ltr'><strong>quid</strong></span> <span class='ocrx_word' id='word_1_83' title='bbox 712 1140 808 1195; x_wconf 94' lang='lat' dir='ltr'><strong>ille</strong></span> <span class='ocrx_word' id='word_1_84' title='bbox 855 1141 946 1210; x_wconf 92' lang='lat' dir='ltr'><strong>qui</strong></span> <span class='ocrx_word' id='word_1_85' title='bbox 993 1141 1233 1197; x_wconf 91' lang='lat' dir='ltr'><strong>libertini</strong></span> <span class='ocrx_word' id='word_1_86' title='bbox 1269 1141 1386 1196; x_wconf 94' lang='lat' dir='ltr'><strong>loco</strong></span> <span class='ocrx_word' id='word_1_87' title='bbox 1425 1141 1590 1207; x_wconf 86' lang='lat' dir='ltr'><strong>iacet,</strong></span> <span class='ocrx_word' id='word_1_88' title='bbox 1640 1158 1800 1210; x_wconf 88' lang='lat' dir='ltr'><strong>quam</strong></span> <span class='ocrx_word' id='word_1_89' title='bbox 1840 1142 1980 1195; x_wconf 92' lang='lat' dir='ltr'><strong>bene</strong></span> <span class='ocrx_word' id='word_1_90' title='bbox 2019 1157 2078 1195; x_wconf 89' lang='lat' dir='ltr'><strong>se</strong></span> 
     </span>
     <span class='ocr_line' id='line_1_14' title="bbox 269 1231 2080 1304; baseline 0.001 -17"><span class='ocrx_word' id='word_1_91' title='bbox 269 1231 476 1287; x_wconf 91' lang='lat' dir='ltr'><strong>habuit.</strong></span> <span class='ocrx_word' id='word_1_92' title='bbox 560 1250 666 1287; x_wconf 91' lang='lat' dir='ltr'><strong>non</strong></span> <span class='ocrx_word' id='word_1_93' title='bbox 716 1232 1018 1304; x_wconf 90' lang='lat' dir='ltr'><strong>impropero</strong></span> <span class='ocrx_word' id='word_1_94' title='bbox 1065 1234 1162 1288; x_wconf 90' lang='lat' dir='ltr'><strong>illi.</strong></span> <span class='ocrx_word' id='word_1_95' title='bbox 1230 1234 1531 1289; x_wconf 87' lang='lat' dir='ltr'><strong>sestertium</strong></span> <span class='ocrx_word' id='word_1_96' title='bbox 1585 1251 1739 1288; x_wconf 89' lang='lat' dir='ltr'><strong>suum</strong></span> <span class='ocrx_word' id='word_1_97' title='bbox 1797 1234 1933 1288; x_wconf 82' lang='lat' dir='ltr'><strong>vidit</strong></span> <span class='ocrx_word' id='word_1_98' title='bbox 1982 1234 2080 1288; x_wconf 91' lang='lat' dir='ltr'><strong>de—</strong></span> 
     </span>
     <span class='ocr_line' id='line_1_15' title="bbox 270 1309 2080 1395; baseline 0 -15"><span class='ocrx_word' id='word_1_99' title='bbox 270 1325 397 1394; x_wconf 90' lang='lat' dir='ltr'><strong>cies,</strong></span> <span class='ocrx_word' id='word_1_100' title='bbox 442 1326 540 1380; x_wconf 83' lang='lat' dir='ltr'><strong>sed.</strong></span> <span class='ocrx_word' id='word_1_101' title='bbox 577 1325 720 1380; x_wconf 93' lang='lat' dir='ltr'><strong>male</strong></span> <span class='ocrx_word' id='word_1_102' title='bbox 757 1309 1052 1380; x_wconf 84' lang='lat' dir='ltr'><strong>vacillavit.</strong></span> <span class='ocrx_word' id='word_1_103' title='bbox 1118 1344 1225 1380; x_wconf 94' lang='lat' dir='ltr'><strong>non</strong></span> <span class='ocrx_word' id='word_1_104' title='bbox 1262 1332 1390 1395; x_wconf 91' lang='lat' dir='ltr'><strong>puto</strong></span> <span class='ocrx_word' id='word_1_105' title='bbox 1426 1326 1580 1379; x_wconf 90' lang='lat' dir='ltr'><strong>illum</strong></span> <span class='ocrx_word' id='word_1_106' title='bbox 1621 1326 1844 1395; x_wconf 87' lang='lat' dir='ltr'><strong>capillos</strong></span> <span class='ocrx_word' id='word_1_107' title='bbox 1881 1326 2080 1380; x_wconf 89' lang='lat' dir='ltr'><strong>liberos</strong></span> 
     </span>
     <span class='ocr_line' id='line_1_16' title="bbox 268 1417 2082 1488; baseline 0 -16"><span class='ocrx_word' id='word_1_108' title='bbox 268 1417 496 1487; x_wconf 91' lang='lat' dir='ltr'><strong>habere,</strong></span> <span class='ocrx_word' id='word_1_109' title='bbox 549 1433 650 1471; x_wconf 92' lang='lat' dir='ltr'><strong>nec</strong></span> <span class='ocrx_word' id='word_1_110' title='bbox 686 1419 1016 1473; x_wconf 88' lang='lat' dir='ltr'><strong>mehercules</strong></span> <span class='ocrx_word' id='word_1_111' title='bbox 1055 1435 1155 1473; x_wconf 92' lang='lat' dir='ltr'><strong>sua</strong></span> <span class='ocrx_word' id='word_1_112' title='bbox 1192 1419 1379 1488; x_wconf 72' lang='lat' dir='ltr'><strong>culpa,</strong></span> <span class='ocrx_word' id='word_1_113' title='bbox 1437 1418 1555 1488; x_wconf 92' lang='lat' dir='ltr'><strong>ipso</strong></span> <span class='ocrx_word' id='word_1_114' title='bbox 1594 1418 1736 1471; x_wconf 92' lang='lat' dir='ltr'><strong>enim</strong></span> <span class='ocrx_word' id='word_1_115' title='bbox 1773 1418 1931 1472; x_wconf 92' lang='lat' dir='ltr'><strong>homo</strong></span> <span class='ocrx_word' id='word_1_116' title='bbox 1967 1435 2082 1472; x_wconf 91' lang='lat' dir='ltr'><strong>me—</strong></span> 
     </span>
     <span class='ocr_line' id='line_1_17' title="bbox 269 1510 2081 1579; baseline -0.001 -14"><span class='ocrx_word' id='word_1_117' title='bbox 269 1511 370 1565; x_wconf 94' lang='lat' dir='ltr'><strong>lior</strong></span> <span class='ocrx_word' id='word_1_118' title='bbox 405 1527 513 1565; x_wconf 92' lang='lat' dir='ltr'><strong>non</strong></span> <span class='ocrx_word' id='word_1_119' title='bbox 551 1515 665 1575; x_wconf 83' lang='lat' dir='ltr'><strong>est3</strong></span> <span class='ocrx_word' id='word_1_120' title='bbox 719 1510 817 1564; x_wconf 90' lang='lat' dir='ltr'><strong>sed</strong></span> <span class='ocrx_word' id='word_1_121' title='bbox 854 1510 1035 1565; x_wconf 90' lang='lat' dir='ltr'><strong>liberti</strong></span> <span class='ocrx_word' id='word_1_122' title='bbox 1073 1510 1338 1578; x_wconf 79' lang='lat' dir='ltr'><strong>scelerati,</strong></span> <span class='ocrx_word' id='word_1_123' title='bbox 1384 1510 1476 1579; x_wconf 91' lang='lat' dir='ltr'><strong>qui</strong></span> <span class='ocrx_word' id='word_1_124' title='bbox 1515 1511 1693 1564; x_wconf 90' lang='lat' dir='ltr'><strong>omnia</strong></span> <span class='ocrx_word' id='word_1_125' title='bbox 1730 1510 1800 1564; x_wconf 86' lang='lat' dir='ltr'><strong>ad</strong></span> <span class='ocrx_word' id='word_1_126' title='bbox 1837 1526 1898 1564; x_wconf 90' lang='lat' dir='ltr'><strong>se</strong></span> <span class='ocrx_word' id='word_1_127' title='bbox 1935 1510 2081 1564; x_wconf 90' lang='lat' dir='ltr'><strong>fece-</strong></span> 
     </span>
    </p>
   </div>
   <div class='ocr_carea' id='block_1_8' title="bbox 244 1602 2082 1680">
    <p class='ocr_par' dir='ltr' id='par_1_8' title="bbox 244 1602 2082 1680">
     <span class='ocr_line' id='line_1_18' title="bbox 244 1602 2082 1680; baseline 0.001 -24"><span class='ocrx_word' id='word_1_128' title='bbox 244 1608 406 1680; x_wconf 83' lang='lat' dir='ltr'><strong>runt.</strong></span> <span class='ocrx_word' id='word_1_129' title='bbox 489 1602 621 1657; x_wconf 89' lang='lat' dir='ltr'><strong>scito</strong></span> <span class='ocrx_word' id='word_1_130' title='bbox 680 1608 889 1656; x_wconf 87' lang='lat' dir='ltr'><strong>autem:</strong></span> <span class='ocrx_word' id='word_1_131' title='bbox 949 1603 1214 1657; x_wconf 87' lang='lat' dir='ltr'><strong>sociorum</strong></span> <span class='ocrx_word' id='word_1_132' title='bbox 1271 1603 1379 1656; x_wconf 92' lang='lat' dir='ltr'><strong>olla</strong></span> <span class='ocrx_word' id='word_1_133' title='bbox 1436 1604 1578 1657; x_wconf 89' lang='lat' dir='ltr'><strong>male</strong></span> <span class='ocrx_word' id='word_1_134' title='bbox 1625 1602 1826 1670; x_wconf 86' lang='lat' dir='ltr'><strong>fervet,</strong></span> <span class='ocrx_word' id='word_1_135' title='bbox 1890 1608 1944 1657; x_wconf 92' lang='lat' dir='ltr'><strong>et</strong></span> <span class='ocrx_word' id='word_1_136' title='bbox 1987 1603 2082 1657; x_wconf 89' lang='lat' dir='ltr'><strong>ubi</strong></span> 
     </span>
    </p>
   </div>
   <div class='ocr_carea' id='block_1_9' title="bbox 267 1694 2081 2228">
    <p class='ocr_par' dir='ltr' id='par_1_9' title="bbox 267 1694 2081 2228">
     <span class='ocr_line' id='line_1_19' title="bbox 275 1694 2081 1765; baseline -0.001 -15"><span class='ocrx_word' id='word_1_137' title='bbox 275 1695 444 1750; x_wconf 89' lang='lat' dir='ltr'><strong>semel</strong></span> <span class='ocrx_word' id='word_1_138' title='bbox 489 1710 576 1749; x_wconf 92' lang='lat' dir='ltr'><strong>res</strong></span> <span class='ocrx_word' id='word_1_139' title='bbox 624 1694 882 1749; x_wconf 91' lang='lat' dir='ltr'><strong>inclinata</strong></span> <span class='ocrx_word' id='word_1_140' title='bbox 932 1698 1037 1763; x_wconf 80' lang='lat' dir='ltr'><strong>est,</strong></span> <span class='ocrx_word' id='word_1_141' title='bbox 1090 1696 1252 1750; x_wconf 89' lang='lat' dir='ltr'><strong>amici</strong></span> <span class='ocrx_word' id='word_1_142' title='bbox 1297 1695 1366 1749; x_wconf 88' lang='lat' dir='ltr'><strong>de</strong></span> <span class='ocrx_word' id='word_1_143' title='bbox 1416 1695 1611 1749; x_wconf 86' lang='lat' dir='ltr'><strong>medio.</strong></span> <span class='ocrx_word' id='word_1_144' title='bbox 1694 1701 1748 1750; x_wconf 92' lang='lat' dir='ltr'><strong>et</strong></span> <span class='ocrx_word' id='word_1_145' title='bbox 1782 1713 1943 1765; x_wconf 91' lang='lat' dir='ltr'><strong>quam</strong></span> <span class='ocrx_word' id='word_1_146' title='bbox 1979 1695 2081 1749; x_wconf 92' lang='lat' dir='ltr'><strong>ho—</strong></span> 
     </span>
     <span class='ocr_line' id='line_1_20' title="bbox 267 1787 2079 1858; baseline -0.001 -16"><span class='ocrx_word' id='word_1_147' title='bbox 267 1794 477 1842; x_wconf 90' lang='lat' dir='ltr'><strong>nestam</strong></span> <span class='ocrx_word' id='word_1_148' title='bbox 513 1788 928 1857; x_wconf 85' lang='lat' dir='ltr'><strong>negotiationem</strong></span> <span class='ocrx_word' id='word_1_149' title='bbox 967 1789 1223 1858; x_wconf 87' lang='lat' dir='ltr'><strong>exercuit,</strong></span> <span class='ocrx_word' id='word_1_150' title='bbox 1268 1787 1412 1857; x_wconf 89' lang='lat' dir='ltr'><strong>quod</strong></span> <span class='ocrx_word' id='word_1_151' title='bbox 1449 1788 1601 1841; x_wconf 91' lang='lat' dir='ltr'><strong>illum</strong></span> <span class='ocrx_word' id='word_1_152' title='bbox 1627 1788 1706 1842; x_wconf 92' lang='lat' dir='ltr'><strong>sic</strong></span> <span class='ocrx_word' id='word_1_153' title='bbox 1730 1788 1902 1842; x_wconf 87' lang='lat' dir='ltr'><strong>vides.</strong></span> <span class='ocrx_word' id='word_1_154' title='bbox 1951 1787 2079 1841; x_wconf 91' lang='lat' dir='ltr'><strong>libi-</strong></span> 
     </span>
     <span class='ocr_line' id='line_1_21' title="bbox 268 1879 2079 1950; baseline 0 -16"><span class='ocrx_word' id='word_1_155' title='bbox 268 1879 494 1935; x_wconf 87' lang='lat' dir='ltr'><strong>tinarius</strong></span> <span class='ocrx_word' id='word_1_156' title='bbox 550 1879 666 1934; x_wconf 88' lang='lat' dir='ltr'><strong>fuit.</strong></span> <span class='ocrx_word' id='word_1_157' title='bbox 750 1881 959 1935; x_wconf 85' lang='lat' dir='ltr'><strong>solebat</strong></span> <span class='ocrx_word' id='word_1_158' title='bbox 1007 1881 1083 1935; x_wconf 92' lang='lat' dir='ltr'><strong>sic</strong></span> <span class='ocrx_word' id='word_1_159' title='bbox 1135 1898 1356 1947; x_wconf 85' lang='lat' dir='ltr'><strong>cenare,</strong></span> <span class='ocrx_word' id='word_1_160' title='bbox 1403 1880 1678 1949; x_wconf 76' lang='lat' dir='ltr'><strong>,quomodo</strong></span> <span class='ocrx_word' id='word_1_161' title='bbox 1735 1897 1859 1934; x_wconf 86' lang='lat' dir='ltr'><strong>rex:</strong></span> <span class='ocrx_word' id='word_1_162' title='bbox 1922 1897 2079 1950; x_wconf 89' lang='lat' dir='ltr'><strong>apros</strong></span> 
     </span>
     <span class='ocr_line' id='line_1_22' title="bbox 269 1973 2078 2044; baseline -0.001 -17"><span class='ocrx_word' id='word_1_163' title='bbox 269 1978 620 2043; x_wconf 82' lang='lat' dir='ltr'><strong>gausapatos‚</strong></span> <span class='ocrx_word' id='word_1_164' title='bbox 680 1990 843 2043; x_wconf 89' lang='lat' dir='ltr'><strong>opera</strong></span> <span class='ocrx_word' id='word_1_165' title='bbox 896 1974 1150 2044; x_wconf 91' lang='lat' dir='ltr'><strong>pistoria,</strong></span> <span class='ocrx_word' id='word_1_166' title='bbox 1203 1975 1350 2041; x_wconf 70' lang='lat' dir='ltr'><strong>avis»,</strong></span> <span class='ocrx_word' id='word_1_167' title='bbox 1406 1989 1576 2040; x_wconf 89' lang='lat' dir='ltr'><strong>cocos,</strong></span> <span class='ocrx_word' id='word_1_168' title='bbox 1622 1974 1870 2043; x_wconf 86' lang='lat' dir='ltr'><strong>pistores.</strong></span> <span class='ocrx_word' id='word_1_169' title='bbox 1955 1973 2078 2043; x_wconf 89' lang='lat' dir='ltr'><strong>plus</strong></span> 
     </span>
     <span class='ocr_line' id='line_1_23' title="bbox 268 2065 2075 2134; baseline -0.001 -16"><span class='ocrx_word' id='word_1_170' title='bbox 268 2065 381 2119; x_wconf 88' lang='lat' dir='ltr'><strong>vini</strong></span> <span class='ocrx_word' id='word_1_171' title='bbox 420 2066 518 2119; x_wconf 90' lang='lat' dir='ltr'><strong>sub</strong></span> <span class='ocrx_word' id='word_1_172' title='bbox 556 2081 746 2120; x_wconf 88' lang='lat' dir='ltr'><strong>mensa</strong></span> <span class='ocrx_word' id='word_1_173' title='bbox 783 2066 1178 2134; x_wconf 87' lang='lat' dir='ltr'><strong>effundebatur,</strong></span> <span class='ocrx_word' id='word_1_174' title='bbox 1222 2082 1384 2134; x_wconf 90' lang='lat' dir='ltr'><strong>quam</strong></span> <span class='ocrx_word' id='word_1_175' title='bbox 1422 2066 1619 2134; x_wconf 90' lang='lat' dir='ltr'><strong>aliquis</strong></span> <span class='ocrx_word' id='word_1_176' title='bbox 1649 2066 1707 2119; x_wconf 91' lang='lat' dir='ltr'><strong>in</strong></span> <span class='ocrx_word' id='word_1_177' title='bbox 1733 2067 1872 2120; x_wconf 89' lang='lat' dir='ltr'><strong>cella</strong></span> <span class='ocrx_word' id='word_1_178' title='bbox 1896 2065 2075 2120; x_wconf 90' lang='lat' dir='ltr'><strong>habet.</strong></span> 
     </span>
     <span class='ocr_line' id='line_1_24' title="bbox 273 2157 2079 2228; baseline 0.001 -18"><span class='ocrx_word' id='word_1_179' title='bbox 273 2157 581 2228; x_wconf 88' lang='lat' dir='ltr'><strong>phantasia,</strong></span> <span class='ocrx_word' id='word_1_180' title='bbox 623 2174 732 2212; x_wconf 93' lang='lat' dir='ltr'><strong>non</strong></span> <span class='ocrx_word' id='word_1_181' title='bbox 767 2159 944 2212; x_wconf 92' lang='lat' dir='ltr'><strong>homo.</strong></span> <span class='ocrx_word' id='word_1_182' title='bbox 1022 2158 1293 2213; x_wconf 87' lang='lat' dir='ltr'><strong>inclinatis</strong></span> <span class='ocrx_word' id='word_1_183' title='bbox 1332 2175 1544 2227; x_wconf 89' lang='lat' dir='ltr'><strong>quoque</strong></span> <span class='ocrx_word' id='word_1_184' title='bbox 1580 2160 1743 2213; x_wconf 91' lang='lat' dir='ltr'><strong>rebus</strong></span> <span class='ocrx_word' id='word_1_185' title='bbox 1783 2159 1916 2228; x_wconf 76' lang='lat' dir='ltr'><strong>suiS,</strong></span> <span class='ocrx_word' id='word_1_186' title='bbox 1961 2175 2079 2212; x_wconf 89' lang='lat' dir='ltr'><strong>eum</strong></span> 
     </span>
    </p>
   </div>
   <div class='ocr_carea' id='block_1_10' title="bbox 268 2249 2329 2319">
    <p class='ocr_par' dir='ltr' id='par_1_10' title="bbox 268 2249 2329 2319">
     <span class='ocr_line' id='line_1_25' title="bbox 268 2249 2329 2319; baseline -0.001 -13"><span class='ocrx_word' id='word_1_187' title='bbox 268 2249 483 2306; x_wconf 87' lang='lat' dir='ltr'><strong>timeret</strong></span> <span class='ocrx_word' id='word_1_188' title='bbox 529 2266 598 2304; x_wconf 95' lang='lat' dir='ltr'><strong>ne</strong></span> <span class='ocrx_word' id='word_1_189' title='bbox 648 2250 937 2306; x_wconf 86' lang='lat' dir='ltr'><strong>creditores</strong></span> <span class='ocrx_word' id='word_1_190' title='bbox 974 2251 1128 2306; x_wconf 92' lang='lat' dir='ltr'><strong>illum</strong></span> <span class='ocrx_word' id='word_1_191' title='bbox 1168 2252 1482 2306; x_wconf 85' lang='lat' dir='ltr'><strong>conturbare</strong></span> <span class='ocrx_word' id='word_1_192' title='bbox 1521 2252 1916 2319; x_wconf 87' lang='lat' dir='ltr'><strong>existimarent,</strong></span> <span class='ocrx_word' id='word_1_193' title='bbox 1979 2251 2080 2305; x_wconf 92' lang='lat' dir='ltr'><strong>hoc</strong></span> <span class='ocrx_word' id='word_1_194' title='bbox 2108 2258 2296 2300; x_wconf 81' lang='lat' dir='ltr'><strong>Biichele</strong></span> <span class='ocrx_word' id='word_1_195' title='bbox 2324 2261 2329 2282; x_wconf 67' lang='lat'><em>*</em></span> 
     </span>
    </p>
   </div>
   <div class='ocr_carea' id='block_1_11' title="bbox 266 2876 610 2884">
    <p class='ocr_par' dir='ltr' id='par_1_11' title="bbox 266 2876 610 2884">
     <span class='ocr_line' id='line_1_26' title="bbox 266 2876 610 2884; baseline 0 -2"><span class='ocrx_word' id='word_1_196' title='bbox 266 2876 610 2884; x_wconf 75' lang='lat'>-—-———-——-</span> 
     </span>
    </p>
   </div>
   <div class='ocr_carea' id='block_1_12' title="bbox 266 3017 2079 3433">
    <p class='ocr_par' dir='ltr' id='par_1_12' title="bbox 266 3017 2079 3433">
     <span class='ocr_line' id='line_1_27' title="bbox 382 3017 2075 3077; baseline 0.004 -18"><span class='ocrx_word' id='word_1_197' title='bbox 382 3019 407 3059; x_wconf 87' lang='lat'><strong>2</strong></span> <span class='ocrx_word' id='word_1_198' title='bbox 455 3017 595 3063; x_wconf 86' lang='lat' dir='ltr'><strong>modo</strong></span> <span class='ocrx_word' id='word_1_199' title='bbox 646 3019 829 3065; x_wconf 88' lang='lat' dir='ltr'><strong>solebat</strong></span> <span class='ocrx_word' id='word_1_200' title='bbox 879 3018 1002 3065; x_wconf 87' lang='lat' dir='ltr'><strong>collo</strong></span> <span class='ocrx_word' id='word_1_201' title='bbox 1064 3018 1212 3064; x_wconf 77' lang='lat' dir='ltr'><strong>Wehle</strong></span> <span class='ocrx_word' id='word_1_202' title='bbox 1253 3035 1306 3077; x_wconf 79' lang='lat' dir='ltr'><strong>p.</strong></span> <span class='ocrx_word' id='word_1_203' title='bbox 1347 3027 1401 3065; x_wconf 87' lang='lat'><strong>13</strong></span> <span class='ocrx_word' id='word_1_204' title='bbox 1451 3022 1676 3065; x_wconf 68' lang='lat' dir='ltr'><strong>Baebeler</strong></span> <span class='ocrx_word' id='word_1_205' title='bbox 1724 3020 1911 3067; x_wconf 89' lang='lat' dir='ltr'><strong>solebat</strong></span> <span class='ocrx_word' id='word_1_206' title='bbox 1955 3021 2075 3066; x_wconf 91' lang='lat' dir='ltr'><strong>collo</strong></span> 
     </span>
     <span class='ocr_line' id='line_1_28' title="bbox 266 3089 2074 3149; baseline 0.002 -17"><span class='ocrx_word' id='word_1_207' title='bbox 266 3089 407 3133; x_wconf 85' lang='lat' dir='ltr'><strong>modo</strong></span> <span class='ocrx_word' id='word_1_208' title='bbox 440 3090 497 3132; x_wconf 99' lang='lat' dir='ltr'><em>H</em></span> <span class='ocrx_word' id='word_1_209' title='bbox 607 3092 635 3132; x_wconf 93' lang='grc'>4</span> <span class='ocrx_word' id='word_1_210' title='bbox 665 3102 803 3147; x_wconf 89' lang='lat' dir='ltr'><strong>quom</strong></span> <span class='ocrx_word' id='word_1_211' title='bbox 833 3091 1056 3135; x_wconf 66' lang='lat' dir='ltr'><strong>Biia-hezer</strong></span> <span class='ocrx_word' id='word_1_212' title='bbox 1091 3091 1326 3147; x_wconf 89' lang='lat' dir='ltr'><strong>quomodo</strong></span> <span class='ocrx_word' id='word_1_213' title='bbox 1355 3094 1403 3132; x_wconf 89' lang='lat' dir='ltr'><em>H</em></span> <span class='ocrx_word' id='word_1_214' title='bbox 1506 3094 1530 3134; x_wconf 85' lang='lat'>5</span> <span class='ocrx_word' id='word_1_215' title='bbox 1562 3092 1604 3138; x_wconf 91' lang='lat' dir='ltr'><strong>si</strong></span> <span class='ocrx_word' id='word_1_216' title='bbox 1633 3091 1746 3149; x_wconf 89' lang='lat' dir='ltr'><strong>quid</strong></span> <span class='ocrx_word' id='word_1_217' title='bbox 1774 3093 1995 3136; x_wconf 62' lang='lat' dir='ltr'><strong>Baebeler</strong></span> <span class='ocrx_word' id='word_1_218' title='bbox 2033 3091 2074 3136; x_wconf 84' lang='lat' dir='ltr'><strong>si</strong></span> 
     </span>
     <span class='ocr_line' id='line_1_29' title="bbox 267 3160 2073 3222; baseline 0.001 -19"><span class='ocrx_word' id='word_1_219' title='bbox 267 3172 360 3215; x_wconf 91' lang='lat' dir='ltr'><strong>quo</strong></span> <span class='ocrx_word' id='word_1_220' title='bbox 393 3160 454 3203; x_wconf 90' lang='lat' dir='ltr'><em>H</em></span> <span class='ocrx_word' id='word_1_221' title='bbox 621 3163 646 3204; x_wconf 89' lang='lat'>6</span> <span class='ocrx_word' id='word_1_222' title='bbox 678 3162 766 3207; x_wconf 92' lang='lat' dir='ltr'><strong>sub</strong></span> <span class='ocrx_word' id='word_1_223' title='bbox 797 3162 948 3218; x_wconf 84' lang='lat' dir='ltr'><strong>alapa]</strong></span> <span class='ocrx_word' id='word_1_224' title='bbox 984 3161 1213 3208; x_wconf 86' lang='lat' dir='ltr'><strong>subflatus</strong></span> <span class='ocrx_word' id='word_1_225' title='bbox 1245 3163 1519 3222; x_wconf 74' lang='lat' dir='ltr'><strong>Hirschfeld</strong></span> <span class='ocrx_word' id='word_1_226' title='bbox 1554 3163 1641 3209; x_wconf 88' lang='lat' dir='ltr'><strong>sub</strong></span> <span class='ocrx_word' id='word_1_227' title='bbox 1671 3162 1748 3208; x_wconf 89' lang='lat' dir='ltr'><strong>ala</strong></span> <span class='ocrx_word' id='word_1_228' title='bbox 1777 3164 1941 3221; x_wconf 85' lang='lat' dir='ltr'><strong>vipera</strong></span> <span class='ocrx_word' id='word_1_229' title='bbox 1973 3163 2073 3206; x_wconf 79' lang='lat' dir='ltr'><strong>Sto-</strong></span> 
     </span>
     <span class='ocr_line' id='line_1_30' title="bbox 267 3230 2074 3290; baseline 0.002 -17"><span class='ocrx_word' id='word_1_230' title='bbox 267 3243 430 3274; x_wconf 78' lang='lat' dir='ltr'><strong>wasser</strong></span> <span class='ocrx_word' id='word_1_231' title='bbox 460 3230 528 3273; x_wconf 79' lang='lat' dir='ltr'><strong>bei</strong></span> <span class='ocrx_word' id='word_1_232' title='bbox 561 3231 662 3275; x_wconf 72' lang='lat' dir='ltr'><strong>Otto</strong></span> <span class='ocrx_word' id='word_1_233' title='bbox 697 3233 789 3290; x_wconf 75' lang='lat' dir='ltr'><strong>Spr</strong></span> <span class='ocrx_word' id='word_1_234' title='bbox 818 3232 953 3290; x_wconf 80' lang='lat' dir='ltr'><strong>alapa</strong></span> <span class='ocrx_word' id='word_1_235' title='bbox 1100 3234 1124 3274; x_wconf 89' lang='lat'><strong>7</strong></span> <span class='ocrx_word' id='word_1_236' title='bbox 1155 3245 1259 3277; x_wconf 89' lang='lat' dir='ltr'><strong>cum</strong></span> <span class='ocrx_word' id='word_1_237' title='bbox 1288 3234 1348 3277; x_wconf 90' lang='lat' dir='ltr'><em>H</em></span> <span class='ocrx_word' id='word_1_238' title='bbox 1387 3235 1656 3280; x_wconf 84' lang='lat' dir='ltr'><strong>cenaculum</strong></span> <span class='ocrx_word' id='word_1_239' title='bbox 1686 3235 1899 3279; x_wconf 61' lang='lat' dir='ltr'><strong>Bucheler</strong></span> <span class='ocrx_word' id='word_1_240' title='bbox 1928 3234 1966 3277; x_wconf 93' lang='lat' dir='ltr'><strong><em>I</em></strong></span> <span class='ocrx_word' id='word_1_241' title='bbox 1998 3245 2074 3277; x_wconf 81' lang='lat' dir='ltr'><strong>ea-</strong></span> 
     </span>
     <span class='ocr_line' id='line_1_31' title="bbox 269 3302 2079 3365; baseline 0.002 -21"><span class='ocrx_word' id='word_1_242' title='bbox 269 3312 367 3345; x_wconf 88' lang='lat' dir='ltr'><strong>sam</strong></span> <span class='ocrx_word' id='word_1_243' title='bbox 396 3302 634 3346; x_wconf 62' lang='lat' dir='ltr'><strong>Rachelerf&#39;»</strong></span> <span class='ocrx_word' id='word_1_244' title='bbox 670 3303 980 3349; x_wconf 71' lang='lat' dir='ltr'><strong>locationem?</strong></span> <span class='ocrx_word' id='word_1_245' title='bbox 1129 3305 1181 3348; x_wconf 90' lang='lat'><strong>18</strong></span> <span class='ocrx_word' id='word_1_246' title='bbox 1212 3305 1317 3351; x_wconf 90' lang='lat' dir='ltr'><strong>avis</strong></span> <span class='ocrx_word' id='word_1_247' title='bbox 1347 3316 1485 3351; x_wconf 86' lang='lat' dir='ltr'><strong>cocos</strong></span> <span class='ocrx_word' id='word_1_248' title='bbox 1516 3306 1712 3365; x_wconf 45' lang='grc' dir='ltr'><strong>δάιε-ᾖεν</strong></span> <span class='ocrx_word' id='word_1_249' title='bbox 1748 3305 1823 3351; x_wconf 88' lang='lat' dir='ltr'><strong>vis</strong></span> <span class='ocrx_word' id='word_1_250' title='bbox 1851 3316 1989 3350; x_wconf 87' lang='lat' dir='ltr'><strong>cocos</strong></span> <span class='ocrx_word' id='word_1_251' title='bbox 2019 3304 2079 3347; x_wconf 88' lang='lat' dir='ltr'><em>H</em></span> 
     </span>
     <span class='ocr_line' id='line_1_32' title="bbox 267 3371 1797 3433; baseline 0.002 -16"><span class='ocrx_word' id='word_1_252' title='bbox 267 3371 358 3427; x_wconf 89' lang='lat' dir='ltr'><strong>bis,</strong></span> <span class='ocrx_word' id='word_1_253' title='bbox 384 3377 556 3418; x_wconf 77' lang='lat' dir='ltr'><strong>cocos‘?</strong></span> <span class='ocrx_word' id='word_1_254' title='bbox 585 3374 828 3418; x_wconf 65' lang='lat' dir='ltr'><strong>Buchelerss</strong></span> <span class='ocrx_word' id='word_1_255' title='bbox 946 3375 998 3417; x_wconf 88' lang='lat'><strong>18</strong></span> <span class='ocrx_word' id='word_1_256' title='bbox 1029 3374 1249 3430; x_wconf 84' lang='lat' dir='ltr'><strong>pistores]</strong></span> <span class='ocrx_word' id='word_1_257' title='bbox 1283 3375 1541 3433; x_wconf 87' lang='lat' dir='ltr'><strong>piscatores</strong></span> <span class='ocrx_word' id='word_1_258' title='bbox 1574 3376 1797 3421; x_wconf 72' lang='lat' dir='ltr'><strong>Heinsius</strong></span> 
     </span>
    </p>
   </div>
   <div class='ocr_carea' id='block_1_13' title="bbox 2106 416 2167 460">
    <p class='ocr_par' dir='ltr' id='par_1_13' title="bbox 2106 416 2167 460">
     <span class='ocr_line' id='line_1_33' title="bbox 2106 416 2167 460; baseline 0 0"><span class='ocrx_word' id='word_1_259' title='bbox 2106 416 2167 460; x_wconf 81' lang='lat' dir='ltr'><em>H</em></span> 
     </span>
    </p>
   </div>
   <div class='ocr_carea' id='block_1_14' title="bbox 2295 0 2418 3762">
    <p class='ocr_par' dir='ltr' id='par_1_14' title="bbox 2295 0 2418 3762">
     <span class='ocr_line' id='line_1_34' title="bbox 2295 0 2418 3762; baseline 0 0"><span class='ocrx_word' id='word_1_260' title='bbox 2295 0 2418 3762; x_wconf 95' lang='lat' dir='ltr'><strong> </strong></span> 
     </span>
    </p>
   </div>
   <div class='ocr_carea' id='block_1_15' title="bbox 2108 290 2343 399">
    <p class='ocr_par' dir='ltr' id='par_1_15' title="bbox 2108 290 2343 399">
     <span class='ocr_line' id='line_1_35' title="bbox 2108 290 2343 331; baseline 0.013 -2"><span class='ocrx_word' id='word_1_261' title='bbox 2108 290 2315 331; x_wconf 82' lang='lat' dir='ltr'><strong>Bt‘icheler</strong></span> <span class='ocrx_word' id='word_1_262' title='bbox 2328 297 2343 314; x_wconf 80' lang='grc'><strong>·’</strong></span> 
     </span>
     <span class='ocr_line' id='line_1_36' title="bbox 2163 345 2279 399; baseline -0.009 -11"><span class='ocrx_word' id='word_1_263' title='bbox 2163 360 2207 399; x_wconf 82' lang='lat' dir='ltr'><strong>p.</strong></span> <span class='ocrx_word' id='word_1_264' title='bbox 2225 345 2279 387; x_wconf 84' lang='lat'><strong>25</strong></span> 
     </span>
    </p>
   </div>
   <div class='ocr_carea' id='block_1_16' title="bbox 2164 2314 2280 2368">
    <p class='ocr_par' dir='ltr' id='par_1_16' title="bbox 2164 2314 2280 2368">
     <span class='ocr_line' id='line_1_37' title="bbox 2164 2314 2280 2368; baseline 0.009 -13"><span class='ocrx_word' id='word_1_265' title='bbox 2164 2329 2207 2368; x_wconf 82' lang='lat' dir='ltr'><strong>p.</strong></span> <span class='ocrx_word' id='word_1_266' title='bbox 2225 2314 2280 2356; x_wconf 88' lang='grc'><strong>26</strong></span> 
     </span>
    </p>
   </div>
  </div>
 </body>
</html>
