2366 3756
194 260 261 313 82
837 255 967 303 Cena
994 253 1367 302 Trimalchionis.

190 406 276 455 tus
314 403 428 454 erat
464 404 523 454 ut
562 398 718 453 daret
914 397 1231 468 pantomimi
1269 396 1502 466 chorum,
1554 414 1661 452 non
1708 396 1877 467 patris
1914 396 2000 451 fa-

191 491 373 547 miliae
408 491 698 547 triclinium
737 489 999 544 crederes.

336 676 504 730 allata
532 680 614 729 est
639 678 821 729 tamen
845 673 1080 743 gustatio
1105 671 1268 728 valde
1293 673 1473 736 lauta;
1514 690 1639 728 nam
1665 675 1775 727 iam
1815 690 2000 728 omnes

192 767 573 822 discubuerant
597 772 811 837 praeter
833 766 1010 836 ipsum
1039 765 1508 834 Trimalchionem,
1554 766 1639 820 cui
1677 767 1827 820 locus
1862 783 2000 821 novo

141 872 165 911 5
196 876 342 914 more
378 861 582 929 primus
620 859 954 913 servabatur.
1017 862 1250 912 ceterum
1287 858 1344 912 in
1379 858 1759 928 promulsidari
1795 858 2000 912 asellus

191 957 306 1007 erat
342 951 649 1007 Corinthius
696 967 816 1006 cum
866 950 1102 1006 bisaccio
1140 949 1365 1020 posituS,
1409 951 1502 1020 qui
1551 950 1791 1005 habebat
1828 951 2000 1005 olivas

188 1046 246 1098 in
285 1044 456 1099 altera
495 1050 648 1115 parte
685 1044 859 1111 albas,
904 1043 962 1098 in
999 1043 1171 1098 altera
1209 1043 1408 1113 nigras.
1484 1043 1744 1111 tegebant
1770 1043 1999 1097 asellum

190 1136 331 1191 duae
367 1132 569 1204 lances,
612 1136 670 1190 in
708 1152 934 1204 quarum
984 1135 1319 1206 marginibus
1357 1152 1552 1190 nomen
1588 1135 2000 1191 Trimalchionis

187 1228 502 1299 inscriptum
540 1234 655 1283 erat
692 1234 745 1283 et
781 1229 991 1312 argenti
1028 1228 1259 1298 pondus.
1337 1229 1596 1299 ponticuli
1622 1229 1786 1282 etiam
1824 1229 2000 1283 ferru-

106 1330 158 1372 10
190 1320 380 1375 minati
442 1321 780 1375 sustinebant
840 1300 1005 1390 glires
1076 1321 1235 1374 melle
1298 1337 1363 1374 ac
1424 1337 1698 1390 papavere
1761 1337 1994 1391 sparsos.

189 1413 404 1467 fuerunt
441 1419 495 1467 et
531 1408 800 1467 tomacula
838 1429 1004 1483 supra
1030 1393 1344 1466 craticulam
1384 1418 1698 1481 argenteam
1735 1412 1999 1468 ferventia

189 1506 386 1573 posita,
428 1511 482 1560 et
517 1505 658 1559 infra
697 1505 1007 1559 craticulam
1043 1505 1269 1574 Syriaca
1307 1522 1480 1574 pruna
1518 1520 1638 1558 cum
1677 1506 1863 1573 granis
1888 1506 1997 1559 Pu-

188 1597 297 1651 nici
334 1598 483 1651 mali.
1324 1591 1328 1593 ’

105 1695 171 1745 32
330 1690 388 1744 in
424 1690 508 1745 his
546 1707 760 1745 eramus
796 1690 1041 1757 lautitiis,
1086 1706 1204 1744 cum
1240 1690 1358 1760 ipse
1385 1690 1716 1744 Trimalchio
1744 1690 1815 1744 ad
1852 1707 1999 1760 sym-

107 1794 158 1834 15
189 1783 444 1852 phoniam
483 1783 683 1838 allatus
714 1788 794 1837 est
819 1783 1132 1852 positusque
1157 1782 1296 1866 inter
1322 1782 1613 1837 cervicalia
1638 1783 1998 1838 minutissima

190 1876 456 1945 expressit
492 1875 920 1945 imprudentibus
958 1875 1144 1929 risum.
1224 1875 1390 1945 pallio
1429 1876 1571 1929 enim
1610 1876 1859 1930 coccineo
1896 1876 2020 1941 ads

186 1983 369 2022 rasum
408 1969 713 2022 excluserat
760 1972 922 2037 caput
971 1967 1223 2036 circaque
1273 1973 1522 2022 oneratas
1571 1973 1722 2022 veste
1762 1970 1998 2023 cervices

186 2054 518 2114 laticlaviam
563 2060 862 2114 immiserat
907 2077 1158 2129 mappam
1208 2059 1430 2114 fimbriis
1480 2060 1605 2114 hinc
1649 2066 1811 2128 atque
1846 2060 1998 2115 illinc

188 2151 567 2220 pendentibus.
646 2152 882 2207 habebat
929 2153 1092 2206 etiam
1140 2152 1199 2205 in
1252 2152 1473 2206 minimo
1526 2152 1695 2221 digito
1749 2152 1996 2208 sinistrae

102 2250 156 2290 20
186 2260 378 2298 manus
404 2245 624 2298 anulum
651 2244 914 2313 grandem
939 2246 1304 2312 subauratum,
1352 2250 1744 2315 extremo-vero
1770 2233 1998 2300 articulo

189 2335 345 2404 digiti
370 2337 641 2405 sequentis
667 2338 941 2406 minorem,
981 2342 1040 2391 ut
1063 2337 1194 2390 mihi
1220 2337 1521 2406 videbatur,
1555 2343 1722 2392 totum
1749 2356 1988 2406 aureum,

188 2428 286 2482 sed
322 2429 486 2498 plane
536 2429 724 2484 ferreis
762 2430 931 2484 veluti
983 2430 1156 2484 stellis
1206 2429 1632 2485 fel-ruminatum.
1698 2436 1752 2484 et
1788 2448 1856 2485 ne
1893 2431 1994 2485 has

186 2525 394 2574 tantum
456 2521 762 2576 ostenderet
823 2522 1056 2590 divitias,
1130 2510 1377 2577 dextrum
1442 2522 1672 2577 nudavit
1734 2523 1994 2576 lacertum

188 2613 401 2666 armilla
437 2630 602 2668 aurea
639 2615 839 2668 cultum
877 2619 930 2668 et
968 2616 1160 2669 eboreo
1199 2616 1396 2670 circulo
1434 2615 1638 2669 lamina
1676 2615 1994 2685 splendente

103 2671 169 2788 ἓξ)
188 2720 409 2759 conexo.
463 2694 746 2760 ut'deinde
771 2706 940 2776 pinna
978 2713 1236 2776 argentea
1275 2708 1466 2762 dentes
1503 2707 1751 2778 perfodit,
1793 2703 1988 2762 ‘amici'

303 3014 323 3054 1
358 3014 410 3056 ut
441 3012 589 3066 daret,
624 3010 757 3056 simul
782 2999 1006 3057 cantabat.
1040 3013 1264 3057 Bucheler
1294 3014 1338 3057 Ι.
1495 3014 1520 3055 3
1550 3017 1710 3059 tamen
1738 3014 1800 3057 H
1819 3016 1919 3058 tum
1948 3013 1993 3056 L

186 3082 376 3127 tandem
408 3082 626 3128 Heinsius
741 3085 769 3127 4
798 3084 955 3140 ipsum
984 3085 1026 3128 L
1055 3096 1198 3129 unum
1229 3085 1290 3128 H
1399 3086 1423 3127 5
1453 3083 1502 3128 in
1530 3084 1865 3141 promulsidari
1894 3084 1993 3128 HL

185 3153 312 3197 inter
331 3154 694 3209 promulsidaria
713 3156 934 3200 Racheler
1052 3156 1102 3197 11
1136 3168 1277 3212 supra
1306 3157 1360 3200 H
1388 3168 1531 3212 super
1559 3156 1785 3200 Bacheler
1822 3167 1991 3211 argen-

185 3226 311 3267 team
340 3222 588 3280 ferventia]
624 3224 856 3274 ferventia
885 3230 1154 3284 argenteam
1186 3227 1247 3269 H
1311 3227 1362 3268 12
1394 3231 1443 3273 et
1462 3227 1593 3286 fehlt
1622 3227 1671 3271 in
1701 3227 1746 3270 L
1819 3226 1871 3267 15
1901 3225 1990 3268 mi-

185 3294 434 3339 nutissima
465 3297 508 3339 L
537 3297 846 3343 munitissima
875 3299 936 3342 H
958 3297 1196 3345 Bachezer.
1377 3299 1429 3354 17
1460 3298 1727 3343 excluserat
1757 3297 1818 3341 H
1836 3295 1989 3341 inclu-

187 3369 314 3424 serat
344 3366 387 3409 L
516 3368 570 3408 25
603 3380 783 3414 conexo
814 3369 1034 3414 Racheler
1063 3380 1321 3414 connexum
1353 3370 1411 3413 H
1435 3370 1626 3415 conexis
1665 3368 1813 3413 Wehle
1835 3383 1890 3426 p.
1915 3373 1986 3410 12.

2030 283 2257 327 Biichelex8

2085 354 2130 393 p.
2146 339 2201 382 22
2284 367 2287 372 -

2032 410 2130 454 HL
