2418 3762
260 407 324 458 76
343 410 592 472 ceterum,
640 403 1092 473 quemadmodum
1120 403 1175 457 di
1200 404 1402 474 volunt,
1435 403 1680 459 dominus
1705 405 1760 459 in
1792 404 1949 460 domo
1974 405 2149 459 factus
2180 421 2239 464 Η

257 1249 308 1290 10

256 1712 307 1752 15

252 2177 306 2217 20

252 2639 306 2681 25

346 265 448 316 192
976 261 1109 307 Cena
1138 261 1510 308 Trimalchionis.

343 514 477 567 sum,
524 502 576 551 et
615 514 738 551 ecce
777 497 897 567 cepi
933 497 1116 566 ipsimi
1154 497 1495 551 cerebellum.
1574 497 1705 566 quid
1741 498 1942 552 multa?
1987 498 2150 552 cohe-

340 590 523 645 redem
551 607 635 644 me
663 589 886 643 Caesari
911 588 1055 656 fecit,
1101 594 1154 643 et
1179 589 1363 660 accepi
1389 590 1762 659 patrimonium
1790 590 2141 644 laticlaviam.

342 684 544 737 nemini
593 688 775 736 tamen
795 681 960 735 “nihil
1010 682 1142 736 satis
1191 688 1288 737 est.
1378 683 1659 753 concupivi
1710 683 1994 753 negotiari.
2080 701 2149 737 ne

341 775 523 829 multis
562 791 659 829 vos
685 792 873 842 morer,
920 776 1154 844 quinque
1179 791 1346 829 naves
1372 774 1674 844 aedificavi,
1719 776 1941 830 oneravi
1965 776 2148 830 vinum

340 899 411 906 —-
449 873 502 921 et
539 873 666 921 tunc
704 872 819 921 erat
867 871 1050 921 contra
1099 885 1287 921 aurum
1321 899 1391 907 —-
1440 869 1563 922 misi
1602 870 1843 923 Romam.
1928 874 2148 938 putares

340 977 426 1014 me
464 960 565 1014 hoc
601 960 854 1014 iussisse:
899 975 1084 1014 omnes
1121 976 1288 1014 naves
1323 960 1732 1031 naufragarunt7
1777 962 1996 1030 factum,
2040 978 2149 1015 non

339 1052 545 1106 fabula.
620 1069 726 1106 uno
765 1052 852 1106 die
877 1053 1159 1123 Neptunus
1195 1053 1481 1107 trecenties
1519 1054 1822 1108 sestertium
1851 1054 2146 1108 devoravit.

339 1145 539 1214 putatis
597 1162 681 1199 me
739 1145 1038 1200 defecisse?
1104 1163 1212 1199 non
1259 1145 1593 1200 mehercules
1643 1146 1718 1199 mi
1759 1148 1896 1201 haec
1939 1147 2150 1200 iactura

339 1238 484 1307 gusti
529 1237 646 1303 fuit,
699 1244 956 1306 tanquam
1000 1238 1138 1291 nihil
1185 1237 1334 1292 facti.
1425 1238 1627 1292 alteras
1676 1239 1782 1293 feci
1826 1241 2059 1294 maiores
2097 1246 2151 1293 et

340 1331 593 1385 meliores
632 1337 685 1385 et
722 1330 1005 1400 feliciores,
1061 1336 1119 1384 ut
1166 1347 1322 1384 nemo
1360 1347 1466 1384 non
1503 1348 1591 1385 me
1628 1331 1801 1386 virum
1838 1333 2027 1386 fortem
2066 1333 2150 1385 di-

340 1428 500 1477 ceret.
581 1423 746 1490 scitis,
802 1440 1001 1491 magna
1044 1422 1200 1477 navis
1252 1440 1505 1491 magnam
1556 1423 1925 1478 fortitudinem
1962 1425 2145 1479 habet.

338 1516 559 1570 oneravi
603 1531 786 1569 rursus
831 1515 1030 1581 vinum,
1077 1515 1304 1584 lardum,
1362 1515 1562 1583 fabam,
1621 1517 1932 1586 seplasium⁷
1993 1535 2148 1571 man-

344 1608 504 1678 cipia.
583 1608 683 1662 hoc
721 1609 838 1662 loco
875 1608 1170 1662 Fortunata
1224 1625 1337 1662 rem
1383 1608 1528 1679 piam
1585 1609 1737 1675 fecit3
1802 1627 1957 1664 omne
2005 1611 2149 1664 enim

339 1717 529 1754 aurum
578 1717 758 1765 suum,
822 1701 1002 1754 omnia
1046 1701 1370 1756 vestimenta
1417 1701 1661 1756 vendidit
1708 1707 1762 1756 et
1810 1703 1886 1755 mi
1935 1707 2149 1757 centum

338 1809 529 1847 aureos
566 1794 623 1847 in
661 1811 825 1849 manu
861 1795 1058 1864 posuit.
1137 1794 1239 1848 hoc
1286 1794 1386 1848 fuit
1423 1795 1623 1865 peculii
1659 1797 1766 1848 mei
1803 1795 2143 1849 fermentum.

339 1885 442 1939 cito
492 1885 578 1954 fit,
636 1886 780 1954 quod
832 1886 887 1940 di
935 1887 1138 1941 volunt.
1223 1904 1328 1941 uno
1378 1903 1536 1941 cursu
1586 1887 1790 1942 centies
1841 1887 2146 1941 sestertium

338 1978 743 2032 conrotundavi.
824 1979 1003 2056 statim
1054 1979 1259 2034 redemi
1307 1979 1503 2034 fundos
1549 1996 1753 2048 omneS‚
1805 1980 1896 2048 qui
1933 1980 2151 2050 patroni·

338 2070 444 2123 mei
481 2070 711 2124 fuerant.
791 2071 1019 2125 aedifico
1067 2064 1298 2142 domum,
1355 2072 1626 2126 venalicia
1664 2089 1844 2126 coemo
1881 2073 2143 2136 iumenta3

338 2163 592 2231 quicquid
628 2165 936 2232 tangebam,
983 2147 1273 2219 crescebat*
1293 2169 1547 2233 tanquam
1595 2164 1771 2219 favus.
1859 2170 2146 2234 postquam

339 2254 493 2325 coepi
531 2256 653 2324 plus
691 2255 911 2320 habere,
966 2273 1127 2324 quam
1164 2262 1275 2311 tota
1321 2258 1498 2327 patria
1536 2276 1659 2313 mea
1695 2259 1874 2327 habet,
1927 2262 2145 2312 manum

339 2346 407 2401 de
445 2349 657 2402 tabula:
703 2349 897 2402 sustuli
935 2365 1020 2402 me
1047 2348 1116 2403 de
1140 2349 1504 2418 negotiatione
1531 2357 1584 2405 et
1607 2351 1759 2421 coepi
1790 2369 1890 2421 per
1924 2351 2146 2405 libertos

339 2439 638 2495 faenerare.
720 2446 774 2494 et
821 2456 952 2494 sane
989 2442 1261 2496 nolentem
1310 2460 1396 2496 me
1446 2443 1719 2512 negotium
1768 2451 1946 2498 meum
1983 2461 2147 2513 agere

339 2533 643 2587 exhortavit
689 2534 1120 2602 mathematicus,
1172 2535 1265 2604 qui
1311 2541 1536 2590 venerat
1591 2536 1728 2590 forte
1780 2537 1837 2591 in
1881 2538 2145 2592 coloniam
2230 2551 2233 2553 ·

337 2631 590 2694 nostram,
650 2626 951 2696 Graeculio‚
1001 2627 1210 2698 Serapa
1258 2628 1490 2692 nomine,
1544 2629 1852 2684 consiliator
1900 2629 2140 2684 deorum.

452 2955 476 2996 8
507 2948 768 3010 Neptunus]
803 2959 1038 3011 neptunno
1071 2957 1130 3000 H
1243 2957 1294 2998 10
1324 2955 1456 3011 facti]
1484 2952 1684 3001 ‘factum
1712 2960 1762 2999 ut
1790 2956 1966 3000 videtur
1987 2957 2143 3015 primo

336 3028 432 3067 erat
453 3023 679 3082 seriptum?
706 3027 929 3071 Bic'cheler
989 3028 1040 3069 12
1059 3028 1206 3072 <scitis
1236 3029 1459 3084 Bii'eheler
1490 3028 1584 3072 scis
1604 3029 1664 3072 H
1718 3028 1771 3069 18
1803 3029 2141 3074 conrotundavi

337 3097 398 3139 H
420 3097 533 3139 nach
562 3097 723 3141 Keller
855 3100 907 3142 19
931 3094 1032 3143 ‘aut
1056 3097 1677 3156 jumentaquekseribendum
1707 3103 1786 3143 aut
1813 3100 1994 3144 verbum
2025 3099 2144 3144 velut

336 3179 452 3222 paro
484 3166 759 3213 intercidisse
788 3165 1078 3215 statuendum'
1111 3170 1341 3224 Biiekelerr
1363 3158 1401 3214 Ῑ
1495 3171 1550 3213 22
1575 3184 1665 3228 per
1695 3170 1892 3216 libertos
1925 3171 2142 3215 Heinsius

336 3239 562 3283 Br‘lelieler
592 3242 627 3284 Ι
647 3241 758 3284 ohne
788 3245 870 3298 per
901 3243 962 3285 H
984 3242 1225 3304 Βίἰοῖιείρνῖ
1254 3241 1347 3285 u'nd
1372 3231 1393 3274 {3
1456 3247 1477 3269 '—
1510 3256 1531 3268 ³
1595 3243 1648 3284 23
1679 3240 1913 3302 nolentem
1947 3241 2142 3300 Schcffer

339 3308 555 3353 Heinsius
590 3313 785 3357 nolente
814 3313 875 3355 H
1025 3315 1078 3355 24
1111 3313 1392 3368 exhortavit]
1428 3307 1643 3368 exoravit
1671 3328 1744 3356 am
1764 3302 1938 3356 'Raude
1967 3313 2026 3356 al.
2064 3326 2140 3356 ex-

339 3378 548 3426 hortavit
578 3385 638 3426 H
1066 3387 1071 3410 ?
1559 3381 1567 3386 '
1997 3398 2007 3404 ·

2179 294 2324 336 Biiche

2227 364 2271 403 p.
2294 351 2344 394 51
