2418 3762
219 811 243 852 5

276 285 299 334 1
312 284 375 335 16
913 278 1038 324 Cena
1068 277 1438 324 Trimalchionis.

273 422 504 478 derides.
585 422 782 477 scimus
820 427 873 475 te
913 438 1042 491 prae
1079 421 1263 475 literas
1301 421 1506 476 fatuum
1553 438 1692 477 esse.
1773 421 1903 490 quid
1945 438 2073 491 ergo

275 519 390 571 est‘?
449 515 633 584 aliqua
684 514 770 568 die
822 520 874 568 te
924 512 1283 583 persuadeam
1329 519 1390 568 ut
1433 514 1506 569 ad
1550 515 1739 569 villam
1788 515 1976 568 venias
2022 521 2075 568 et

274 609 462 664 videas
514 608 727 662 casulas
776 610 1019 660 nostras?
1088 606 1423 662 inveniemus
1474 607 1617 676 quod
1666 607 2068 675 manducemuS‚

273 701 498 772 pullum,
555 717 679 754 ova:
726 684 867 753 belle
918 698 1035 766 erit,
1091 698 1252 753 etiam
1305 700 1353 755 si
1396 701 1576 755 omnia
1624 701 1725 755 hoc
1762 718 1902 755 anno
1939 706 2076 754 tem-

2102 307 2332 351 Buchelerss

2156 380 2196 419 p.
2219 366 2269 407 31

2104 437 2162 479 H

272 799 457 864 pestas
496 793 713 862 dispare
749 791 1007 862 pallavit:
1054 791 1391 847 inveniemus
1429 810 1556 862 ergo
1594 793 1735 847 unde
1773 793 1938 848 saturi
1975 793 2075 846 fia-
2167 815 2170 818 ⁴

275 899 411 940 mus,
503 890 556 940 et
600 885 711 938 iam
759 885 858 938 tibi
909 884 1205 954 discipulus
1256 885 1444 940 crescit
1490 885 1664 940 cicaro
1715 902 1881 939 meus.
1968 886 2076 938 iam

274 983 525 1048 quattuor
562 978 732 1048 partis
771 960 927 1042 dicit3
974 977 1269 1047 sivixerit,
1325 978 1555 1033 habebis
1602 978 1674 1032 ad
1709 979 1850 1032 latus
1890 972 2077 1031 servu-

274 1073 404 1125 lum.
457 1088 583 1125 nam
623 1069 876 1139 quicquid
911 1070 993 1123 illi
1031 1075 1202 1139 vacat,
1249 1076 1408 1141 caput
1443 1071 1512 1125 de
1549 1071 1734 1126 tabula
1768 1088 1877 1125 non
1914 1071 2072 1124 tollit.

275 1164 588 1233 ingeniosus
628 1169 710 1217 est
748 1168 801 1217 ct
836 1164 973 1217 bono
1011 1163 1119 1230 filo,
1158 1164 1318 1218 etiam
1345 1163 1393 1217 si
1418 1164 1476 1218 in
1500 1180 1631 1219 aves
1656 1165 1933 1218 morbosus
1972 1170 2072 1223 cst..

194 1267 247 1308 10
279 1274 380 1326 ego
418 1255 503 1310 illi
550 1256 660 1310 iam
705 1261 812 1309 tres
861 1256 1103 1311 cardeles
1153 1256 1347 1323 occidi,
1402 1261 1460 1310 et
1498 1256 1611 1310 dixi
1647 1257 1790 1326 quod
1825 1253 2079 1311 mustella

193 1731 244 1771 15

191 2196 245 2237 20

275 1348 526 1403 comedit.
623 1348 830 1402 invenit
890 1354 1072 1403 tamen
1127 1348 1264 1402 alias
1319 1349 1537 1414 nenias,
1614 1355 1667 1402 et
1721 1349 2077 1403 libentissime

274 1441 467 1511 pingit.
520 1446 755 1495 ceterum
793 1442 900 1493 iam
927 1441 1209 1495 Graeculis
1249 1441 1452 1495 calcem
1488 1441 1739 1512 impingit
1776 1448 1831 1496 et
1855 1441 2078 1495 Latinas

276 1534 449 1605 coepit
504 1550 610 1587 non
659 1534 801 1587 male
849 1539 1134 1604 appetere,
1191 1534 1352 1588 etiam
1404 1533 1451 1587 si
1499 1534 1758 1603 magister
1806 1534 1923 1589 eius
1973 1534 2076 1587 sibi

274 1620 497 1696 placens
533 1626 592 1680 fit
629 1642 729 1680 nec
766 1643 870 1680 uno
909 1627 1025 1703 loco
1065 1627 1320 1695 consistit,
1368 1626 1467 1681 sed
1491 1628 1660 1696 venit,
1706 1627 1830 1682 dem
1867 1627 2069 1693 literaS‚

275 1719 374 1773 sed
410 1736 518 1773 non
553 1719 670 1774 vult
707 1719 975 1774 laborare.
1068 1725 1150 1774 est
1203 1726 1255 1774 et
1292 1719 1430 1773 alter
1465 1737 1573 1774 non
1609 1720 1827 1789 quidem
1865 1720 2069 1789 doctu8‚

275 1812 372 1866 sed
410 1811 665 1879 curiosuS‚
725 1812 816 1879 qui
862 1813 988 1882 plus
1033 1812 1190 1867 docet
1241 1829 1402 1880 quam
1451 1813 1568 1867 scit.
1647 1813 1831 1880 itaque
1871 1812 2076 1867 feriatis

276 1905 466 1959 diebus
504 1905 639 1959 solet
678 1905 892 1958 domum
930 1905 1142 1974 venire,
1187 1911 1240 1959 et
1278 1905 1534 1974 quicquid
1570 1904 1805 1972 dederiS‚
1859 1911 2077 1959 conten-

275 2003 360 2052 tus
400 2003 497 2051 est.
596 1997 703 2051 emi
758 2014 886 2066 ergo
941 2014 1083 2051 nunc
1125 2013 1291 2067 puero
1331 1997 1546 2066 'aliquot
1593 1997 1733 2051 libra
1782 1998 2068 2065 rubricata,

275 2090 402 2158 quia
450 2090 569 2143 volo
614 2090 765 2143 illum
817 2090 887 2143 ad
926 2090 1295 2174 dompsionem
1333 2089 1538 2158 aliquid
1575 2089 1643 2143 de
1679 2090 1795 2144 iure
1832 2097 2071 2160 gustare.

274 2182 439 2236 habet
475 2181 610 2235 haec
646 2198 732 2235 res
770 2198 985 2251 panem.
1064 2200 1190 2235 nam
1234 2182 1405 2235 literis
1455 2182 1586 2236 satis
1622 2179 1934 2250 inquinatus
1973 2189 2071 2237 est.

276 2274 420 2343 quod
458 2274 504 2328 si
540 2275 805 2342 resilierit,
862 2274 1129 2343 destinavi
1175 2275 1327 2328 illum
1365 2275 1575 2346 aliquid
1607 2275 1822 2329 artificii
1860 2275 2070 2344 docere,

278 2372 371 2421 aut
407 2368 755 2421 tonstreinum
780 2373 874 2421 aut
897 2352 1216 2445 praeconem
1244 2373 1336 2421 aut
1363 2374 1503 2422 certe
1542 2368 1890 2436 causidicum,
1934 2369 2077 2437 quod

277 2458 359 2512 illi
397 2459 606 2514 auferre
644 2477 749 2513 non
787 2460 956 2529 possit
992 2461 1098 2514 nisi
1138 2451 1326 2515 Orcus.
1379 2461 1500 2515 ideo
1526 2462 1608 2514 1111
1635 2461 1839 2530 ¹cotidie
1879 2462 2074 2516 clamo:

397 3055 422 3094 5
468 2981 898 3110 dispamvit
941 3054 1002 3096 H
1063 3051 1250 3108 dispare
1300 3053 1501 3109 pullavit
1541 3054 1764 3098 Bae'leheler
1822 3053 2078 3112 dispalavit

285 3123 433 3167 Orelli
536 3126 561 3166 9
593 3137 705 3169 aves
742 3123 783 3166 T
780 3122 909 3166 muer
939 3122 1103 3167 Rei-sko
1141 3135 1285 3168 naves
1318 3124 1378 3166 H
1486 3125 1539 3167 14
1568 3122 1631 3169 fii:⁴
1651 3124 1892 3169 Bitonem-³
1929 3125 1994 3170 sit
2024 3125 2085 3168 Η

284 3197 356 3238 est
394 3195 612 3238 Racheler
651 3195 688 3238 I
728 3193 878 3246 venit,
924 3194 1031 3239 dem
1069 3194 1128 3236 H
1161 3195 1399 3238 Baebelo&
1427 3195 1569 3249 (Text)
1619 3195 1821 3242 ventilat
1857 3195 2076 3252 quidem?

282 3265 520 3308 Rachelerss
551 3264 712 3320 (Anm,)
791 3266 842 3306 21
876 3264 1053 3322 aliquid
1079 3264 1267 3310 artificii
1299 3266 1419 3310 Frdl
1448 3267 1557 3310 ohne
1582 3267 1761 3324 aliquid
1782 3269 1841 3311 H
1854 3266 2077 3311 Bucheler
2115 3271 2119 3275 '

282 3335 567 3379 nonnihilum
598 3336 784 3380 artificii
813 3335 1034 3381 Heinsius
1082 3355 1085 3358 ⁴
1117 3337 1173 3379 22
1204 3338 1511 3382 tonstreinum
1541 3338 1762 3383 Racheler
1797 3337 2078 3382 tonstrinum

283 3405 480 3464 Scheffer
518 3407 834 3452 constreinum
866 3409 926 3451 H
