2418 3762
281 265 379 316 138
915 260 1043 307 Cena
1072 260 1448 307 Trimalchionis.
2007 290 2011 293 -
2109 290 2339 335 mollem,

275 404 462 458 cordia
500 420 598 457 sua
635 404 872 458 habeant
910 408 964 457 et
987 402 1202 470 quando
1228 403 1396 459 febris
1433 405 1629 471 veniat,
1676 405 1837 459 etiam
1876 404 1923 458 si
1959 405 2082 459 illos
2111 349 2277 463 ΗΡ.37

274 496 364 550 odi
411 497 670 567 pessime,
726 495 871 565 quod
922 495 1052 548 mihi
1095 496 1282 550 iubent
1332 513 1494 567 saepe
1540 498 1814 551 anatinam
1866 497 2074 566 parari3

273 589 679 656 nummularius,
735 589 827 657 qui
872 605 968 659 per
1014 594 1296 657 argentum
1345 606 1440 644 aes
1484 588 1649 644 videt.
1730 607 1855 643 nam
1901 594 2082 643 mutae

273 681 481 735 bestiae
519 680 976 735 laboriosissimae
1002 681 1169 736 boves
1197 687 1251 736 et
1275 697 1431 736 oves:
1475 683 1641 737 boves
1668 699 1890 752 quorum
1915 683 2083 737 bene-

219 783 242 822 5
274 774 393 826 ficio
431 790 628 843 panem
665 773 1082 839 manducamus3
1130 789 1275 840 oves,
1313 773 1459 853 quod
1495 775 1622 828 lana
1658 775 1790 829 illae
1829 791 1925 828 nos
1964 774 2084 843 glo-

273 866 442 920 riosos
480 865 703 920 faciunt.
784 872 837 921 et
875 866 1086 921 facinus
1122 866 1424 936 indignum,
1480 868 1679 936 aliquis
1731 867 1950 921 ovillam
2003 871 2084 920 est

274 963 327 1011 et
365 958 601 1012 tunicam
638 958 823 1014 habet.
902 974 1033 1028 apes
1085 958 1227 1013 enim
1277 976 1378 1028 ego
1428 959 1641 1014 divinas
1686 961 1892 1014 bestias
1929 964 2077 1030 puto,

275 1068 414 1118 quae
452 1052 559 1105 mel
598 1057 834 1119 vomunt,
882 1052 1043 1105 etiam
1082 1051 1128 1105 si
1168 1052 1416 1106 dicuntur
1451 1051 1592 1107 illud
1628 1069 1663 1106 a
1686 1053 1816 1106 Iove
1854 1051 2078 1117 afferre3

278 1142 282 1212 Ι
322 1142 445 1198 ideo
483 1149 665 1198 autem
702 1150 964 1213 pungunt,
1021 1141 1499 1213 quia'ubicunque
1546 1144 1704 1198 dulce
1754 1150 1851 1213 est,
1909 1144 1984 1198 ibi
2034 1149 2088 1198 et
2119 1148 2217 1192 HL

191 1246 241 1286 10
273 1235 488 1290 acidum
523 1232 841 1291 invenies'.¹t

411 1329 561 1400 liam
609 1329 769 1383 etiam
814 1329 1163 1398 philosophos
1227 1329 1295 1383 de
1342 1330 1559 1398 negotio
1611 1328 1907 1396 deiciebat,
1965 1345 2085 1382 cum
2116 1333 2175 1376 H

273 1421 497 1490 pittacia
543 1423 600 1475 in
646 1423 847 1490 scypho
897 1421 1243 1477 circumferri,
1276 1427 1583 1491 coeperunt,
1635 1438 1877 1491 puerque
1926 1437 2088 1492 super

271 1513 373 1566 hoc
409 1514 619 1583 positus
659 1513 892 1568 officium
930 1514 1261 1584 apophoreta
1284 1513 1551 1568 recitavit.
1625 1508 1932 1583 ‘argentum
1969 1530 2089 1568 sce-

274 1600 552 1660 leratum³z
606 1606 775 1660 allata
824 1613 907 1661 est
942 1612 1141 1676 perna,
1199 1622 1360 1676 super
1405 1622 1566 1675 quam
1612 1607 1898 1662 acetabula
1935 1611 2090 1660 erant

194 1716 242 1756 15
274 1697 465 1766 posita.
537 1692 838 1753 ccervical²:
884 1699 1025 1753 offla
1052 1698 1267 1754 collaris
1315 1698 1486 1752 allata
1536 1703 1637 1753 est.
1711 1694 2000 1769 ‘serisapia
2036 1705 2091 1754 et

275 1787 638 1845 contumelia³:
699 1792 1003 1862 xerophagi
1040 1809 1108 1846 ex
1158 1807 1294 1862 sapa
1332 1791 1447 1846 dati
1486 1797 1613 1846 sunt
1650 1798 1705 1847 et
1741 1797 1928 1846 contus
1965 1809 2089 1846 cum

274 1883 436 1937 malo.
509 1878 678 1954 ‘porri
723 1890 775 1937 et
812 1878 1072 1954 persica³z
1129 1881 1409 1953 flagellum
1447 1883 1516 1955 fet
1565 1885 1792 1939 cultrum
1841 1885 2080 1954 accepit;

270 1970 544 2045 ‘passeres
582 1983 636 2030 et
673 1971 1045 2035 muscarium':
1101 1994 1262 2031 uvam
1309 1993 1530 2047 passam
1582 1982 1635 2031 et
1683 1978 1792 2032 mel
1829 1978 2083 2032 Atticum.

273 2063 569 2133 ‘cenatoria
608 2075 661 2123 et
698 2063 979 2123 forensia³:
1024 2068 1207 2123 offlam
1233 2074 1288 2123 et
1320 2069 1536 2124 tabulas
1573 2069 1800 2140 accepit.
1873 2064 2087 2124 ‘canale

189 2173 242 2213 20
275 2166 328 2214 et
365 2155 611 2229 pedale²:.
648 2162 802 2231 lepus
841 2165 895 2215 et
933 2162 1082 2216 solea
1121 2166 1203 2215 est
1239 2161 1428 2215 allata.
1477 2156 1758 2216 ‘muraena
1795 2167 1849 2216 et
1884 2156 2080 2216 litera':

275 2270 479 2330 murem
516 2270 636 2307 cum
674 2271 809 2307 rana
858 2254 1083 2323 alligata
1126 2253 1442 2322 fascemque
1493 2255 1655 2309 betae
1693 2256 1914 2324 accepit.
1994 2255 2087 2308 diu

274 2337 518 2399 risimus:
564 2352 821 2400 sexcenta
844 2345 1150 2401 huiusmodi
1175 2346 1406 2415 fuerunt,
1453 2363 1592 2416 quae
1626 2347 1736 2402 iam
1774 2347 2088 2401 exciderunt

273 2438 561 2492 memoriae
598 2454 772 2492 meae.

190 2538 254 2586 57
418 2536 651 2585 ceterum
677 2531 944 2601 AscyltOS,
988 2531 1396 2601 intemperantis
1434 2532 1704 2602 licentiae,
1749 2549 1868 2586 cum
1907 2531 2088 2586 omnia

188 2634 242 2675 25
277 2623 505 2677 sublatis
546 2624 803 2687 ⁵manibus
854 2624 1096 2678 eluderet
1133 2631 1185 2678 et
1222 2642 1393 2693 usque
1440 2625 1512 2678 ad
1561 2612 1814 2703 lacrimas
1863 2625 2079 2694 rideret,

273 2730 410 2768 unus
460 2732 527 2769 ex
574 2715 882 2770 conlibertis
921 2717 1334 2771 Trimalchionis
1385 2718 1691 2786 excanduit,
1746 2719 1795 2772 is
1831 2718 1949 2788 ipse
1996 2717 2088 2786 qui

389 2952 414 2992 6
448 2954 522 2996 est
552 2954 601 2995 et
631 2950 838 2995 Statilius
871 2952 1062 3011 Scheffel
1091 2954 1218 2998 esset
1249 2954 1311 2996 H
1446 2976 1453 2983 -
1507 2955 1559 2996 16
1589 2953 1849 3011 xerophagi
1878 2965 1937 2998 ex
1968 2965 2086 3009 sapa

273 3020 368 3063 und
397 3020 497 3066 dati
530 3021 651 3065 Frdl
690 3022 1029 3079 aecrophagiae
1061 3023 1187 3069 saele
1207 3048 1266 3055 ——
1286 3024 1423 3068 datae
1447 3024 1508 3067 H
1540 3024 1884 3082 saprophagiae
1906 3037 1965 3074 ex
1986 3024 2085 3070 sale

273 3092 497 3136 Racheler
536 3092 699 3137 Rhein.
735 3094 855 3136 Mus.
889 3093 1091 3137 XVIII
1116 3099 1200 3138 322
1249 3095 1534 3152 xerophagia
1585 3109 1644 3140 ex
1674 3097 1807 3141 sale?
1845 3093 2086 3141 Baeheless

273 3167 439 3208 contus
469 3165 709 3208 Burmann
753 3169 917 3210 centus
947 3164 1007 3207 H
1119 3166 1188 3220 19,
1222 3166 1277 3208 20
1309 3166 1472 3212 canale
1501 3169 1551 3212 et
1577 3166 1748 3224 pedale
1777 3191 1834 3199 —
1863 3179 2085 3211 muraena

275 3235 323 3275 et
351 3234 490 3278 litera
520 3235 739 3279 Buchezer
790 3237 999 3281 canalem
1040 3240 1090 3282 et
1118 3236 1335 3292 pedalem
1366 3233 1423 3270 —'
1451 3251 1689 3283 murenam
1719 3242 1768 3283 et
1795 3238 2001 3283 litteram
2029 3237 2090 3280 H

274 3302 325 3344 21
361 3304 554 3361 alligata
583 3307 803 3352 Bilcheler
842 3307 1083 3364 alligatam
1117 3308 1177 3351 H
1382 3310 1436 3351 22
1468 3309 1743 3355 exciderunt
1774 3307 2084 3352 Hadrianides

273 3374 493 3418 Racheler
522 3378 793 3422 ceciderunt
825 3379 885 3422 H
