2418 3762
345 261 446 314 190
982 256 1111 302 Cena
1140 255 1515 302 Trimalchionis.
2180 275 2324 331 Biic'ho
2417 286 2418 301 ¹

340 401 512 469 inquit
549 394 838 468 ‘Habinna‚
883 399 962 454 sic
998 398 1274 468 peculium
1320 404 1470 454 tuum
1491 458 1493 460 ,
1518 398 1862 453 fruniscaris:
1920 399 1968 454 si
2016 400 2149 468 quid
2179 357 2269 456 Hp·
2293 345 2317 386 5

342 509 627 564 perperam
665 492 785 560 feci,
843 491 900 546 in
949 485 1146 546 faciem
1184 508 1360 546 meam
1396 492 1607 562 inspue.
1670 508 1894 562 puerum
1931 492 2150 547 basiavi

340 584 782 655 frugalissimum,
834 601 942 639 non
990 589 1207 655 propter
1244 583 1488 653 formam,
1542 583 1641 646 sed
1679 584 1807 655 quia
1852 584 1996 654 frugi
2034 590 2145 639 est:

342 679 529 734 decem
568 683 751 748 partes
788 676 937 744 dicit,
976 677 1173 731 librum
1210 677 1280 732 ab
1319 664 1481 733 oculo
1510 678 1661 747 legit,
1711 678 2007 732 thraecium
2047 678 2152 732 sibi

285 782 310 821 5
342 760 412 826 de
451 771 637 825 diariis
675 769 821 837 fecit,
868 769 1233 824 archisellium
1272 770 1340 825 de
1378 787 1475 825 suo
1513 771 1728 840 paravit
1765 776 1819 824 et
1857 770 1992 824 duas
2017 771 2153 825 trul-

341 865 442 918 las.
497 880 604 917 non
641 868 724 917 est
762 862 957 932 dignus
996 879 1155 931 quem
1190 863 1248 931 in
1285 863 1454 918 oculis
1481 863 1683 918 feram?
1733 862 1831 917 sed
1856 863 2152 918 Fortunata

341 961 508 1011 vetat.
584 955 661 1010 ita
710 955 809 1009 tibi
845 954 1076 1024 videtur,
1120 955 1452 1026 fulcipedia‘?
1501 956 1720 1023 suade0,
1766 955 1964 1011 bonum
1999 961 2151 1010 tuum
2207 999 2210 1001 .

342 1064 662 1117 concoquas,
707 1048 891 1117 milva‚
935 1054 990 1102 81
1023 1064 1111 1102 1118
1147 1065 1255 1102 11011
1293 1046 1462 1103 facias
1498 1049 1819 1118 tingentem,
1872 1049 2152 1113 amasiun-

342 1143 486 1209 cula3
531 1141 774 1209 alioquin
811 1140 1106 1210 experieris
1133 1140 1411 1196 cerebrum
1436 1158 1630 1196 meum.
1685 1141 1827 1196 nosti
1851 1158 1961 1196 me:
1986 1141 2150 1210 ¹quod

258 1245 309 1285 10
342 1235 507 1289 semel
546 1233 831 1300 destinavi,
884 1233 1038 1287 clavo
1082 1233 1316 1287 tabulari
1363 1233 1540 1288 fixum·
1577 1240 1676 1288 est.
1766 1234 1865 1287 sed
1907 1234 2151 1293 vivorum
2239 1242 2244 1249 '

339 1327 757 1382 meminerimus.
811 1342 906 1380 vos
942 1342 1087 1395 rogo,
1128 1326 1304 1393 amici,
1349 1332 1409 1380 ut
1444 1326 1598 1380 vobis
1623 1326 1870 1385 suaviter.
1886 1326 1971 1380 sit.
2026 1343 2153 1381 nam
2210 1380 2213 1384 .

342 1437 442 1489 ego
479 1436 690 1489 quoque
728 1423 838 1472 tam
877 1418 956 1471 fui
995 1435 1157 1486 quam
1204 1435 1300 1473 vos
1340 1417 1485 1484 estis,
1532 1418 1633 1472 sed
1675 1419 1873 1473 virtute
1919 1435 2042 1474 mea
2080 1418 2153 1473 ad

339 1513 440 1567 hoc
489 1511 731 1582 perveni.
826 1511 1097 1565 corcillum
1146 1516 1230 1565 est
1278 1510 1423 1580 quod
1467 1511 1714 1567 homines
1763 1511 1918 1580 facit,
1970 1516 2152 1566 cetera

341 1605 634 1674 quisquilia
687 1604 884 1659 omnia.
971 1605 1149 1659 “bene
1198 1621 1331 1673 emo,
1384 1604 1525 1660 bene
1568 1603 1805 1671 vendo'⁷;
1850 1604 1992 1659 alius
2041 1605 2152 1659 alia

255 1709 307 1750 15
338 1698 492 1754 vobis
532 1698 693 1752 dicet.
758 1697 1018 1752 felicitate
1057 1696 1283 1751 dissilio.
1338 1702 1396 1751 tu
1432 1702 1630 1764 autem,
1676 1697 1913 1766 sterteia‚
1958 1697 2152 1752 etiam-

294 1848 298 1851 *
338 1809 466 1846 num
503 1793 719 1862 ploras?
764 1790 874 1844 iam
902 1791 1116 1858 curab0‚
1155 1790 1327 1844 fatum
1356 1795 1507 1844 tuum
1545 1790 1739 1860 plores.
1793 1788 1892 1843 sed
1926 1793 1987 1843 ut
2024 1805 2151 1843 coe-

338 1901 524 1955 peram
564 1883 761 1951 dicere,
804 1882 877 1937 ad
914 1883 1055 1937 hanc
1091 1899 1179 1937 me
1218 1883 1487 1938 fortunam
1525 1867 1813 1952 frugalitas
1863 1898 1988 1936 mea
2025 1899 2151 1952 per-

341 1977 509 2032 duxit.
588 1983 701 2031 tam
739 1992 969 2045 magnus
1008 1992 1076 2029 ex
1111 1975 1245 2029 Asia
1281 1975 1425 2044 veni,
1470 1992 1633 2044 quam
1669 1974 1759 2028 hic
1794 1973 2152 2029 candelabrus

341 2076 442 2124 881.
521 2069 594 2123 ad
632 2085 912 2137 summam,
967 2067 1206 2136 quotidie
1256 2085 1342 2122 me
1391 2068 1632 2122 solebam
1669 2067 1743 2121 ad
1779 2067 1935 2121 illum
1972 2068 2149 2122 metiri

251 2174 307 2214 20
341 2167 395 2217 81
430 2168 490 2216 111
526 2161 753 2216 celerius
782 2165 1013 2215 rostrum
1037 2160 1322 2215 barbatum
1345 2160 1618 2227 haberem,
1657 2160 1811 2214 labra
1836 2160 1904 2214 de
1928 2160 2151 2215 lucerna

341 2254 630 2323 ungebam.
729 2259 912 2307 tamen
971 2252 1044 2306 ad
1100 2252 1324 2307 delicias
1377 2252 1617 2322 [femina]
1675 2253 1857 2323 ipsimi
1907 2252 2144 2321 [domini]

341 2363 511 2402 annos
531 2345 969 2416 quattuordecim
1007 2345 1099 2399 fui.
1160 2361 1262 2399 nec
1297 2350 1452 2415 turpe
1479 2351 1578 2410 est,
1622 2345 1765 2414 quod
1790 2345 2038 2399 dominus
2062 2346 2149 2399 iu-

339 2441 448 2495 bet.
546 2456 646 2508 ego
701 2445 882 2492 tamen
938 2443 991 2492 et
1042 2438 1270 2508 ipsimae
1326 2438 1612 2508 [dominae]
1668 2438 1800 2493 satis
1855 2437 2138 2493 faciebam.

343 2532 517 2600 scitis,
579 2532 711 2601 quid
767 2531 970 2585 dicam:
1038 2536 1212 2600 taceo,
1267 2531 1396 2600 quia
1436 2548 1544 2586 non
1594 2547 1713 2586 sum
1761 2530 1830 2585 de
1876 2531 2145 2600 gloriosis.

455 3176 483 3217 4
514 3174 777 3219 thraecium
806 3174 1030 3218 Baebeler
1067 3172 1293 3218 thretium
1326 3174 1384 3216 H
1414 3172 1675 3218 thoracium
1713 3172 1857 3218 Orelli
1933 3174 1959 3214 5
1990 3170 2147 3218 archi-

341 3245 525 3289 sellium
558 3246 867 3299 (arcisellium)
900 3245 1125 3289 Βία-ἠρίον
1161 3243 1463 3301 artissellium
1496 3245 1557 3288 H
1669 3246 1693 3286 7
1725 3242 1999 3308 fulcipedia]
2027 3239 2146 3286 ‘rec-

341 3316 430 3359 tius
459 3315 712 3375 fultipedia
741 3317 846 3360 oder
875 3312 1167 3372 fulcripedia'
1203 3315 1427 3360 Biicheler
1601 3316 1626 3357 8
1658 3313 1807 3360 facias
1843 3313 2147 3358 Tilebomenus

338 3384 484 3432 facies
512 3387 571 3429 H
