2418 3762
845 299 1214 359 Anmerkungen
1244 314 1302 347 zu
1333 303 1404 346 57.
1922 304 2026 355 271

211 441 292 489 Ad
331 443 522 490 Terent.
551 438 695 488 Andr.
736 442 809 488 III
840 445 943 498 2,75
977 444 1178 499 (Vahlen
1207 445 1288 500 ib.)
1345 458 1434 491 nec
1479 445 1589 491 dico
1632 457 1719 491 nec
1763 443 1889 491 facio
1934 458 2028 491 mu.

212 515 363 561 Lucil.
396 514 476 561 bei
499 513 679 561 Charis,
710 514 826 560 Inst.
856 528 926 572 gr.
960 516 1007 560 II
1037 530 1086 574 p.
1112 518 1210 571 240,
1232 518 1274 570 3,
1299 517 1340 571 8,
1365 516 1468 563 28k
1499 517 1588 572 (ed.
1610 516 1879 562 Lachmann
1898 518 2024 571 1138)

212 599 309 632 non
348 586 547 632 laudare
583 584 823 630 hominum
861 600 1126 646 quenquam
1167 602 1256 635 nec
1292 602 1371 635 mu
1410 587 1570 635 facere
1600 600 1818 646 unquam.
1878 587 2026 632 Hilar.

211 657 333 716 Epp.
372 658 474 712 84,7
516 659 566 702 et
603 670 682 702 mu
716 656 843 703 ultra
880 671 974 703 non
1016 657 1187 704 faciam
1227 659 1292 707 ib.
1330 661 1383 703 12
1429 673 1488 706 ne
1527 673 1605 705 mu
1636 659 1827 718 quidem
1856 657 2028 704 facere.

212 727 327 774 Otto
358 727 459 787 Spr.
490 741 584 782 mu,
616 733 732 783 mut,
767 729 975 774 muttire.

326 809 479 845 vasus
508 797 704 858 fictilis,
734 800 886 846 immo
915 799 1059 847 lorus
1080 802 1134 847 in
1157 812 1305 858 aqua.
1346 801 1500 850 Ueber
1522 804 1600 849 die
1620 800 2033 848 Masculinformen

214 869 449 918 Guericke
480 874 551 917 46.
600 870 710 928 Vgl.
747 873 828 917 138
860 874 1008 918 lorum
1038 874 1089 919 in
1119 888 1258 933 aqua,
1291 888 1387 921 non
1415 875 1608 932 inguina
1637 873 1795 921 habet.
1826 872 2028 920 Martial.

212 942 308 989 VII
339 945 440 998 58‚3
471 942 754 1002 madidoque
784 943 1020 990 simillima
1050 946 1153 991 loro
1183 946 1397 1004 Inguina.

329 1013 394 1059 ad
424 1026 688 1060 summam.
750 1014 881 1061 Oben
912 1030 970 1062 zu
1002 1019 1052 1060 31
1087 1019 1148 1063 ad
1181 1031 1217 1063 s.

330 1086 466 1132 scut.
526 1087 657 1132 Neue
687 1087 919 1132 Formenl.
953 1089 1022 1133 112
1053 1090 1135 1132 522
1169 1089 1268 1142 (scii
1298 1088 1397 1135 Cic.
1432 1089 1562 1135 Fam.
1590 1088 1638 1134 X
1667 1089 1739 1143 4,1
1773 1088 1972 1151 Baiter).

327 1167 456 1213 puer
492 1155 767 1214 capillatus
806 1159 861 1204 in
890 1159 1019 1204 hanc
1049 1157 1297 1204 coloniam
1327 1159 1461 1205 veni.
1522 1159 1589 1205 Zu
1620 1161 1673 1202 27
1706 1161 1829 1205 inter
1858 1171 2032 1217 pueros

213 1227 481 1286 capillatOS.
527 1230 639 1287 Vgl.
667 1231 721 1272 54
752 1242 856 1275 cum
885 1232 1086 1287 primum
1117 1245 1173 1276 ex
1205 1230 1325 1277 Asia
1353 1232 1463 1279 veni
1493 1231 1589 1276 und
1620 1232 1673 1274 75
1705 1234 1803 1277 tam
1832 1243 2031 1287 magnus

212 1310 272 1345 ex
300 1298 419 1346 Asia
447 1301 572 1348 veni.

328 1370 491 1417 adhuc
521 1370 736 1418 basilica
765 1383 864 1418 non
894 1373 1008 1418 erat
1038 1371 1195 1418 facta.
1253 1374 1376 1420 Einl.
1407 1372 1454 1420 S.
1476 1374 1501 1415 7
1517 1371 1549 1418 f.

327 1443 561 1489 maiiesto
590 1458 678 1490 nur
707 1445 823 1490 hier.

327 1513 627 1570 dignitosso.
667 1515 736 1560 Zu
756 1517 809 1559 38
832 1517 1055 1562 successi.
1085 1516 1364 1574 Dignitosus
1393 1515 1679 1575 ἀξιωματικός
1710 1514 2014 1574 Gorp.Gloss.

210 1584 258 1630 11
287 1599 335 1643 p.
368 1588 442 1630 49.
504 1586 611 1632 Ital.
647 1588 902 1645 dignitoso.

328 1657 472 1704 cuius
513 1657 680 1715 pluris
720 1658 834 1704 erat
872 1657 1055 1712 unguis
1097 1666 1247 1713 quam
1287 1658 1347 1704 tu
1381 1657 1523 1704 totus
1554 1669 1627 1704 es.
1686 1657 1912 1716 Porphyr.
1949 1657 2029 1702 Ad

210 1727 376 1774 Horat.
413 1729 457 1775 S.
488 1730 513 1774 I
543 1733 647 1785 4,14
690 1744 854 1777 sensus
895 1744 952 1775 ex
987 1729 1276 1786 proverbiali
1316 1731 1654 1776 consuetudine
1684 1730 1868 1783 ductus,
1900 1730 2029 1774 sole-

211 1814 315 1846 mus
354 1815 554 1860 namque
593 1803 749 1848 dicere
791 1802 993 1846 ‘minimo
1033 1802 1118 1847 me'
1152 1802 1305 1858 digito
1347 1803 1608 1859 provocat',
1654 1814 1760 1846 cum
1808 1801 2031 1848 volumus

212 1885 350 1931 quem
388 1873 604 1931 intellegi
640 1877 823 1919 tantum
852 1874 1012 1919 valere
1047 1873 1236 1919 minimo
1268 1874 1436 1931 digito,
1474 1878 1708 1942 quantum
1739 1872 1880 1918 alium
1911 1872 2027 1918 totis

209 1943 405 1992 viribus.
464 1945 536 1990 Ist
577 1946 655 1991 die
685 1945 953 2002 Erkliirung
987 1945 1110 1990 auch
1139 1944 1312 1998 falech,
1357 1958 1410 1991 so
1440 1946 1504 1991 ist
1535 1945 1658 1991 doch
1690 1944 1769 1990 die
1799 1945 2029 1990 Existenz

211 2016 295 2062 der
323 2017 593 2062 Redensart
629 2016 763 2063 nicht
793 2030 851 2063 zu
871 2015 1166 2064 bezweifeln.
1230 2014 1342 2061 Otto
1372 2014 1552 2063 Archiv
1581 2017 1652 2063 VI
1684 2019 1708 2060 3
1741 2035 1794 2054 =
1827 2014 1926 2073 Spr.
1958 2015 2031 2060 di-

208 2087 338 2146 gitus
368 2089 428 2130 6.-

326 2158 380 2205 et
408 2158 655 2204 habebam
683 2158 738 2204 in
768 2157 914 2204 domo
943 2158 1033 2214 qui
1061 2157 1187 2203 mihi
1215 2158 1392 2215 pedem
1423 2158 1736 2216 opponerent
1764 2158 1859 2203 hac
1887 2156 2030 2203 illac.

211 2229 342 2277 Ohne
383 2229 574 2277 Zweifel
614 2230 719 2276 eine
756 2230 1082 2288 gewohnliche
1121 2230 1405 2276 Redensart.
1476 2230 1591 2276 Otto
1630 2229 1811 2278 Archiv
1847 2229 1919 2276 VI
1948 2231 2032 2272 330

212 2319 268 2341 ==
300 2301 404 2360 Spr.
437 2315 525 2360 pes
557 2305 580 2344 7
613 2303 877 2360 vergleicht
907 2302 1044 2349 Ovid.
1068 2302 1143 2347 Ex
1164 2302 1316 2347 Ponto
1347 2299 1417 2347 IV
1448 2303 1521 2356 6,7
1551 2304 1734 2359 perstat
1763 2302 1888 2346 enim
1917 2301 2030 2346 For-

211 2375 325 2419 tuna
354 2378 499 2420 tenax
526 2375 749 2432 votisque
777 2375 1032 2432 malignum
1062 2373 1270 2432 Opponit
1298 2373 1473 2419 nostris
1502 2373 1734 2419 insidiosa
1763 2373 1953 2430 pedem.

329 2445 475 2499 genio
503 2443 649 2491 illius
681 2444 897 2499 gratias.
957 2446 1025 2491 Zu
1056 2447 1110 2489 37
1140 2446 1362 2503 ignoscet
1389 2444 1504 2489 mihi
1534 2444 1704 2503 genius
1734 2448 1859 2490 tuus.

328 2516 550 2562 enatavi.
592 2516 693 2562 Cic.
717 2517 857 2562 Tusc.
881 2516 927 2563 V
958 2519 1010 2560 87
1043 2518 1213 2575 reliqui
1242 2517 1420 2563 habere
1450 2529 1502 2562 se
1522 2517 1743 2563 videntur
1763 2515 2026 2574 angustius),

213 2591 406 2633 enatant
434 2591 607 2633 tamen.
1408 2590 1410 2594 ’

329 2656 491 2704 athla.
551 2659 694 2704 Diese
723 2659 861 2705 Rede
892 2660 977 2705 des
1006 2658 1258 2706 Hermeros
1289 2658 1470 2705 enthfflt
1499 2657 1708 2704 mehrere
1739 2658 2032 2716 griechische

212 2728 403 2776 Worter
442 2731 541 2776 und
571 2730 947 2788 Benennungen,
995 2731 1091 2788 vgl.
1122 2734 1268 2777 unten
1297 2731 1467 2778 Jovem
1499 2729 1779 2788 Olympium,
1818 2729 2026 2782 Athana,

214 2801 440 2848 deurode.

327 2873 460 2919 istoc
498 2877 617 2918 statt
656 2875 794 2920 istuc.
854 2873 1069 2920 Wolfflin
1099 2873 1279 2920 Archiv
1308 2872 1402 2918 VII
1433 2873 1533 2915 332.
1582 2871 2031 2919 Biicheler—Winde-

213 2943 346 2990 kilde
378 2946 460 2988 102
491 2946 589 2990 und
621 2945 743 2991 oben
774 2958 833 2990 zu
863 2947 918 2989 39
947 2945 1038 2991 hoc
1069 2949 1118 2990 et
1147 2945 1270 2990 illoc.

331 3015 452 3071 quid
491 3027 624 3061 nunc
667 3016 844 3073 stupes
883 3016 1126 3072 tanquam
1165 3015 1339 3062 hircus
1377 3015 1431 3060 in
1475 3013 1686 3060 ervilia?
1735 3015 1826 3061 Die
1856 3016 1948 3061 wie
1978 3027 2030 3061 es

215 3088 401 3134 scheint
420 3088 670 3145 allgemein
690 3101 1056 3146 angenommene
1077 3087 1347 3144 Erklarung
1366 3101 1461 3132 von
1481 3086 1631 3133 Goes:
1670 3086 1773 3132 ‘wie
1795 3087 1879 3132 der
1900 3086 2033 3132 Bock

213 3158 299 3204 auf
326 3158 476 3204 einem
497 3158 643 3204 Felde
663 3158 762 3204 voll
789 3160 918 3206 eines
938 3158 1015 3206 fiir
1033 3160 1116 3205 ihn
1136 3158 1537 3217 ungeniesebaren
1558 3158 1792 3212 Krautes‘‚
1826 3158 1893 3204 ist
1912 3170 2031 3214 ganz

214 3244 301 3277 aus
319 3232 403 3276 der
417 3229 533 3276 Luft
546 3230 791 3287 gegriffen.
821 3231 954 3278 Nach
968 3232 1097 3278 Fest.
1115 3246 1161 3290 p.
1180 3233 1234 3275 62
1255 3245 1415 3277 ervum
1432 3235 1480 3276 et
1497 3231 1662 3277 ervilia
1684 3244 1712 3275 a
1726 3229 1908 3276 Graeco
1924 3231 2033 3274 sunt

214 3301 357 3356 dicta,
393 3302 503 3361 quia
532 3300 603 3346 illi
635 3315 796 3350 ervum
826 3301 993 3361 ὄροβος,
1028 3302 1244 3348 ervilium
1275 3302 1467 3359 ὀρόβινον
1496 3303 1740 3360 appellant
1762 3301 1870 3357 (vgl.
1894 3300 2032 3347 Hehn

213 3372 466 3430 Kulturpfl.
501 3374 521 3406 5
551 3372 598 3419 S.
635 3375 734 3428 178)
776 3373 841 3419 ist
879 3374 1046 3421 ervilia
1083 3374 1187 3419 eine
1226 3373 1501 3420 Erbeenart.
1565 3373 1672 3419 Nun
1711 3372 1868 3418 haben
1898 3372 2026 3427 aber,

213 3443 303 3491 wie
343 3445 432 3490 mir
469 3444 594 3490 mein
624 3444 816 3502 College
850 3445 1171 3490 Fleischmann
1220 3444 1450 3499 (Director
1481 3446 1565 3491 des
1595 3441 2032 3490 landwirthschaft—
